<?xml version="1.0" encoding="UTF-8"?>
<!DOCTYPE html PUBLIC "-//W3C//DTD XHTML 1.0 Transitional//EN"
    "http://www.w3.org/TR/xhtml1/DTD/xhtml1-transitional.dtd">
<html xmlns="http://www.w3.org/1999/xhtml" xml:lang="en" lang="en">
 <head>
  <title>
</title>
<meta http-equiv="Content-Type" content="text/html;charset=utf-8" />
  <meta name='ocr-system' content='tesseract 3.04.00' />
  <meta name='ocr-capabilities' content='ocr_page ocr_carea ocr_par ocr_line ocrx_word'/>
</head>
<body>
  <div class='ocr_page' id='page_1' title='image "./corneliitacitid02tacigoog_0034.png"; bbox 0 0 3098 4862; ppageno 0'>
   <div class='ocr_carea' id='block_1_1' title="bbox 521 337 1387 406">
    <p class='ocr_par' dir='ltr' id='par_1_1' title="bbox 521 337 1387 406">
     <span class='ocr_line' id='line_1_1' title="bbox 521 337 1387 406; baseline 0.009 -16"><span class='ocrx_word' id='word_1_1' title='bbox 521 337 639 406; x_wconf 80' lang='lat' dir='ltr'>dialogus</span> <span class='ocrx_word' id='word_1_2' title='bbox 659 338 691 392; x_wconf 89' lang='lat' dir='ltr'><strong>da</strong></span> <span class='ocrx_word' id='word_1_3' title='bbox 709 339 865 394; x_wconf 82' lang='lat' dir='ltr'><strong>oratoribus.</strong></span> <span class='ocrx_word' id='word_1_4' title='bbox 901 357 923 394; x_wconf 89' lang='lat' dir='ltr'><strong>c.</strong></span> <span class='ocrx_word' id='word_1_5' title='bbox 943 339 967 396; x_wconf 89' lang='lat'><strong>5.</strong></span> <span class='ocrx_word' id='word_1_6' title='bbox 987 341 1012 394; x_wconf 87' lang='grc'><strong>6.</strong></span> <span class='ocrx_word' id='word_1_7' title='bbox 1348 337 1387 398; x_wconf 68' lang='grc' dir='ltr'><strong>’ὶὸ</strong></span> 
     </span>
    </p>
   </div>
   <div class='ocr_carea' id='block_1_2' title="bbox 151 498 1431 1437">
    <p class='ocr_par' dir='ltr' id='par_1_2' title="bbox 151 498 1431 1437">
     <span class='ocr_line' id='line_1_2' title="bbox 152 498 1383 584; baseline 0.002 -20"><span class='ocrx_word' id='word_1_8' title='bbox 152 500 221 564; x_wconf 84' lang='grc' dir='ltr'>1ιιιιι</span> <span class='ocrx_word' id='word_1_9' title='bbox 256 501 289 564; x_wconf 88' lang='lat' dir='ltr'><strong>et</strong></span> <span class='ocrx_word' id='word_1_10' title='bbox 318 498 529 564; x_wconf 78' lang='lat' dir='ltr'><strong>circumfundi</strong></span> <span class='ocrx_word' id='word_1_11' title='bbox 563 517 669 564; x_wconf 92' lang='lat' dir='ltr'><strong>coram</strong></span> <span class='ocrx_word' id='word_1_12' title='bbox 703 500 736 564; x_wconf 90' lang='lat' dir='ltr'><strong>et</strong></span> <span class='ocrx_word' id='word_1_13' title='bbox 767 501 907 583; x_wconf 88' lang='lat' dir='ltr'><strong>accipere</strong></span> <span class='ocrx_word' id='word_1_14' title='bbox 938 500 1115 577; x_wconf 85' lang='lat' dir='ltr'><strong>adfectum,</strong></span> <span class='ocrx_word' id='word_1_15' title='bbox 1149 519 1383 584; x_wconf 87' lang='lat' dir='ltr'><strong>quemcumque</strong></span> 
     </span>
     <span class='ocr_line' id='line_1_3' title="bbox 154 605 1384 691; baseline 0.003 -21"><span class='ocrx_word' id='word_1_16' title='bbox 154 607 261 670; x_wconf 90' lang='lat' dir='ltr'><strong>orator</strong></span> <span class='ocrx_word' id='word_1_17' title='bbox 283 605 439 670; x_wconf 87' lang='lat' dir='ltr'><strong>induerit!</strong></span> <span class='ocrx_word' id='word_1_18' title='bbox 474 605 619 688; x_wconf 82' lang='lat' dir='ltr'>Vulgata</span> <span class='ocrx_word' id='word_1_19' title='bbox 634 606 808 671; x_wconf 78' lang='lat' dir='ltr'><strong>dicentium</strong></span> <span class='ocrx_word' id='word_1_20' title='bbox 824 607 941 688; x_wconf 85' lang='lat' dir='ltr'><strong>gaudia</strong></span> <span class='ocrx_word' id='word_1_21' title='bbox 963 610 997 672; x_wconf 88' lang='lat' dir='ltr'><strong>et</strong></span> <span class='ocrx_word' id='word_1_22' title='bbox 1018 607 1239 690; x_wconf 90' lang='lat' dir='ltr'><strong>imperitorum</strong></span> <span class='ocrx_word' id='word_1_23' title='bbox 1256 627 1384 691; x_wconf 92' lang='lat' dir='ltr'><strong>quoque</strong></span> 
     </span>
     <span class='ocr_line' id='line_1_4' title="bbox 153 713 1383 797; baseline 0.002 -20"><span class='ocrx_word' id='word_1_24' title='bbox 153 713 252 778; x_wconf 89' lang='lat' dir='ltr'><strong>oculis</strong></span> <span class='ocrx_word' id='word_1_25' title='bbox 272 713 413 795; x_wconf 82' lang='lat' dir='ltr'><strong>exposita</strong></span> <span class='ocrx_word' id='word_1_26' title='bbox 428 731 613 795; x_wconf 84' lang='lat' dir='ltr'><strong>percenseo:</strong></span> <span class='ocrx_word' id='word_1_27' title='bbox 637 713 694 776; x_wconf 90' lang='lat' dir='ltr'><strong>illa</strong></span> <span class='ocrx_word' id='word_1_28' title='bbox 717 714 887 778; x_wconf 79' lang='lat' dir='ltr'><strong>secretiora</strong></span> <span class='ocrx_word' id='word_1_29' title='bbox 910 716 943 779; x_wconf 88' lang='lat' dir='ltr'><strong>et</strong></span> <span class='ocrx_word' id='word_1_30' title='bbox 966 715 1094 779; x_wconf 90' lang='lat' dir='ltr'><strong>tantum</strong></span> <span class='ocrx_word' id='word_1_31' title='bbox 1117 715 1194 797; x_wconf 87' lang='lat' dir='ltr'><strong>ipsis</strong></span> <span class='ocrx_word' id='word_1_32' title='bbox 1218 716 1383 780; x_wconf 81' lang='lat' dir='ltr'><strong>orantibus</strong></span> 
     </span>
     <span class='ocr_line' id='line_1_5' title="bbox 151 818 1384 904; baseline 0.002 -20"><span class='ocrx_word' id='word_1_33' title='bbox 151 821 229 884; x_wconf 88' lang='lat' dir='ltr'><strong>nota</strong></span> <span class='ocrx_word' id='word_1_34' title='bbox 255 820 377 884; x_wconf 91' lang='lat' dir='ltr'><strong>maiora</strong></span> <span class='ocrx_word' id='word_1_35' title='bbox 404 821 488 883; x_wconf 90' lang='lat' dir='ltr'><strong>sunt.</strong></span> <span class='ocrx_word' id='word_1_36' title='bbox 535 818 608 884; x_wconf 83' lang='lat' dir='ltr'><strong>Sive</strong></span> <span class='ocrx_word' id='word_1_37' title='bbox 633 822 817 885; x_wconf 84' lang='lat' dir='ltr'><strong>accuratam</strong></span> <span class='ocrx_word' id='word_1_38' title='bbox 839 821 1093 902; x_wconf 78' lang='lat' dir='ltr'><strong>meditatamque</strong></span> <span class='ocrx_word' id='word_1_39' title='bbox 1120 821 1242 904; x_wconf 78' lang='lat' dir='ltr'><strong>profert</strong></span> <span class='ocrx_word' id='word_1_40' title='bbox 1270 824 1384 888; x_wconf 91' lang='lat' dir='ltr'><strong>oratio·</strong></span> 
     </span>
     <span class='ocr_line' id='line_1_6' title="bbox 152 925 1431 1011; baseline 0.002 -21"><span class='ocrx_word' id='word_1_41' title='bbox 152 944 235 1003; x_wconf 89' lang='lat' dir='ltr'><strong>nem,</strong></span> <span class='ocrx_word' id='word_1_42' title='bbox 259 927 309 990; x_wconf 88' lang='lat' dir='ltr'><strong>eat</strong></span> <span class='ocrx_word' id='word_1_43' title='bbox 325 925 485 1007; x_wconf 81' lang='lat' dir='ltr'><strong>quoddam</strong></span> <span class='ocrx_word' id='word_1_44' title='bbox 508 927 592 990; x_wconf 88' lang='lat' dir='ltr'><strong>siout</strong></span> <span class='ocrx_word' id='word_1_45' title='bbox 613 927 714 1009; x_wconf 82' lang='lat' dir='ltr'><strong>ipsius</strong></span> <span class='ocrx_word' id='word_1_46' title='bbox 730 927 886 1004; x_wconf 87' lang='lat' dir='ltr'><strong>dictionis,</strong></span> <span class='ocrx_word' id='word_1_47' title='bbox 909 928 956 993; x_wconf 92' lang='lat' dir='ltr'><strong>ita</strong></span> <span class='ocrx_word' id='word_1_48' title='bbox 978 929 1086 1010; x_wconf 84' lang='lat' dir='ltr'><strong>gaudii</strong></span> <span class='ocrx_word' id='word_1_49' title='bbox 1108 928 1231 1011; x_wconf 85' lang='lat' dir='ltr'><strong>pondua</strong></span> <span class='ocrx_word' id='word_1_50' title='bbox 1255 931 1288 994; x_wconf 87' lang='lat' dir='ltr'><strong>et</strong></span> <span class='ocrx_word' id='word_1_51' title='bbox 1311 947 1431 994; x_wconf 81' lang='lat' dir='ltr'><strong>con-ro</strong></span> 
     </span>
     <span class='ocr_line' id='line_1_7' title="bbox 153 1033 1383 1119; baseline 0.003 -23"><span class='ocrx_word' id='word_1_52' title='bbox 153 1033 291 1106; x_wconf 79' lang='lat' dir='ltr'><strong>stantia3</strong></span> <span class='ocrx_word' id='word_1_53' title='bbox 315 1033 381 1097; x_wconf 86' lang='lat' dir='ltr'><strong>sive</strong></span> <span class='ocrx_word' id='word_1_54' title='bbox 403 1051 520 1098; x_wconf 86' lang='lat' dir='ltr'><strong>novam</strong></span> <span class='ocrx_word' id='word_1_55' title='bbox 537 1034 569 1097; x_wconf 89' lang='lat' dir='ltr'><strong>et</strong></span> <span class='ocrx_word' id='word_1_56' title='bbox 584 1035 744 1098; x_wconf 87' lang='lat' dir='ltr'><strong>recentem</strong></span> <span class='ocrx_word' id='word_1_57' title='bbox 760 1051 870 1098; x_wconf 89' lang='lat' dir='ltr'><strong>curam</strong></span> <span class='ocrx_word' id='word_1_58' title='bbox 885 1052 948 1098; x_wconf 89' lang='lat' dir='ltr'><strong>non</strong></span> <span class='ocrx_word' id='word_1_59' title='bbox 965 1035 1033 1100; x_wconf 88' lang='lat' dir='ltr'><strong>siue</strong></span> <span class='ocrx_word' id='word_1_60' title='bbox 1049 1035 1158 1117; x_wconf 89' lang='lat' dir='ltr'><strong>aliqua</strong></span> <span class='ocrx_word' id='word_1_61' title='bbox 1172 1035 1383 1119; x_wconf 87' lang='lat' dir='ltr'><strong>trepidatione</strong></span> 
     </span>
     <span class='ocr_line' id='line_1_8' title="bbox 155 1139 1384 1222; baseline 0.002 -18"><span class='ocrx_word' id='word_1_62' title='bbox 155 1139 253 1204; x_wconf 89' lang='lat' dir='ltr'><strong>animi</strong></span> <span class='ocrx_word' id='word_1_63' title='bbox 276 1140 430 1214; x_wconf 86' lang='lat' dir='ltr'><strong>attulerit,</strong></span> <span class='ocrx_word' id='word_1_64' title='bbox 453 1140 523 1222; x_wconf 87' lang='lat' dir='ltr'><strong>ipsa</strong></span> <span class='ocrx_word' id='word_1_65' title='bbox 539 1140 717 1205; x_wconf 85' lang='lat' dir='ltr'><strong>sollicitudo</strong></span> <span class='ocrx_word' id='word_1_66' title='bbox 734 1142 937 1206; x_wconf 89' lang='lat' dir='ltr'><strong>commendat</strong></span> <span class='ocrx_word' id='word_1_67' title='bbox 955 1144 1106 1206; x_wconf 86' lang='lat' dir='ltr'><strong>eventum</strong></span> <span class='ocrx_word' id='word_1_68' title='bbox 1130 1143 1162 1206; x_wconf 92' lang='lat' dir='ltr'><strong>et</strong></span> <span class='ocrx_word' id='word_1_69' title='bbox 1185 1143 1384 1208; x_wconf 89' lang='lat' dir='ltr'><strong>lenocinatur</strong></span> 
     </span>
     <span class='ocr_line' id='line_1_9' title="bbox 153 1245 1384 1331; baseline 0.002 -19"><span class='ocrx_word' id='word_1_70' title='bbox 153 1247 320 1329; x_wconf 83' lang='lat' dir='ltr'><strong>voluptati.</strong></span> <span class='ocrx_word' id='word_1_71' title='bbox 367 1245 430 1311; x_wconf 82' lang='lat' dir='ltr'><strong>Sed</strong></span> <span class='ocrx_word' id='word_1_72' title='bbox 454 1247 675 1329; x_wconf 83' lang='lat' dir='ltr'><strong>extemporalis</strong></span> <span class='ocrx_word' id='word_1_73' title='bbox 700 1247 851 1314; x_wconf 88' lang='lat' dir='ltr'><strong>audaciae</strong></span> <span class='ocrx_word' id='word_1_74' title='bbox 876 1251 972 1330; x_wconf 91' lang='lat' dir='ltr'><strong>atque</strong></span> <span class='ocrx_word' id='word_1_75' title='bbox 995 1249 1095 1331; x_wconf 83' lang='lat' dir='ltr'><strong>ipsius</strong></span> <span class='ocrx_word' id='word_1_76' title='bbox 1119 1250 1310 1313; x_wconf 87' lang='lat' dir='ltr'><strong>temeritatis</strong></span> <span class='ocrx_word' id='word_1_77' title='bbox 1333 1250 1384 1314; x_wconf 87' lang='lat' dir='ltr'><strong>vel</strong></span> 
     </span>
     <span class='ocr_line' id='line_1_10' title="bbox 153 1353 1385 1437; baseline 0.003 -21"><span class='ocrx_word' id='word_1_78' title='bbox 153 1354 325 1436; x_wconf 88' lang='lat' dir='ltr'><strong>praecipua</strong></span> <span class='ocrx_word' id='word_1_79' title='bbox 347 1353 528 1418; x_wconf 87' lang='lat' dir='ltr'><strong>iucunditas</strong></span> <span class='ocrx_word' id='word_1_80' title='bbox 552 1355 619 1428; x_wconf 88' lang='lat' dir='ltr'><strong>est;</strong></span> <span class='ocrx_word' id='word_1_81' title='bbox 649 1372 725 1418; x_wconf 92' lang='lat' dir='ltr'><strong>nam</strong></span> <span class='ocrx_word' id='word_1_82' title='bbox 754 1355 787 1418; x_wconf 93' lang='lat' dir='ltr'><strong>in</strong></span> <span class='ocrx_word' id='word_1_83' title='bbox 816 1356 940 1437; x_wconf 87' lang='lat' dir='ltr'><strong>ingenio</strong></span> <span class='ocrx_word' id='word_1_84' title='bbox 966 1374 1106 1436; x_wconf 91' lang='lat' dir='ltr'><strong>quoque,</strong></span> <span class='ocrx_word' id='word_1_85' title='bbox 1131 1357 1215 1420; x_wconf 87' lang='lat' dir='ltr'><strong>sicut</strong></span> <span class='ocrx_word' id='word_1_86' title='bbox 1241 1357 1275 1420; x_wconf 92' lang='lat' dir='ltr'><strong>in</strong></span> <span class='ocrx_word' id='word_1_87' title='bbox 1298 1374 1385 1437; x_wconf 82' lang='lat' dir='ltr'><strong>agro,</strong></span> 
     </span>
    </p>
   </div>
   <div class='ocr_carea' id='block_1_3' title="bbox 152 1601 1389 4429">
    <p class='ocr_par' dir='ltr' id='par_1_3' title="bbox 153 1601 1389 3358">
     <span class='ocr_line' id='line_1_11' title="bbox 193 1601 1388 1670; baseline 0.004 -17"><span class='ocrx_word' id='word_1_88' title='bbox 193 1613 232 1654; x_wconf 82' lang='lat' dir='ltr'><strong>ro.</strong></span> <span class='ocrx_word' id='word_1_89' title='bbox 242 1601 365 1656; x_wconf 75' lang='lat' dir='ltr'><strong>notre...</strong></span> <span class='ocrx_word' id='word_1_90' title='bbox 377 1601 568 1668; x_wconf 77' lang='lat' dir='ltr'><strong>circumfundi</strong></span> <span class='ocrx_word' id='word_1_91' title='bbox 578 1601 741 1670; x_wconf 80' lang='lat' dir='ltr'><strong>ceromata]</strong></span> <span class='ocrx_word' id='word_1_92' title='bbox 796 1601 828 1655; x_wconf 90' lang='lat' dir='ltr'><strong>de</strong></span> <span class='ocrx_word' id='word_1_93' title='bbox 841 1618 878 1656; x_wconf 91' lang='lat' dir='ltr'><strong>or.</strong></span> <span class='ocrx_word' id='word_1_94' title='bbox 893 1602 914 1668; x_wconf 94' lang='grc' dir='ltr'><strong>Ι,</strong></span> <span class='ocrx_word' id='word_1_95' title='bbox 930 1603 997 1658; x_wconf 79' lang='lat'><strong>257:</strong></span> <span class='ocrx_word' id='word_1_96' title='bbox 1017 1605 1175 1670; x_wconf 87' lang='lat' dir='ltr'><strong>„accuratae</strong></span> <span class='ocrx_word' id='word_1_97' title='bbox 1193 1620 1223 1656; x_wconf 89' lang='lat' dir='ltr'><strong>ac</strong></span> <span class='ocrx_word' id='word_1_98' title='bbox 1242 1603 1388 1658; x_wconf 86' lang='lat' dir='ltr'><strong>meditatae</strong></span> 
     </span>
     <span class='ocr_line' id='line_1_12' title="bbox 154 1689 1388 1760; baseline 0.003 -18"><span class='ocrx_word' id='word_1_99' title='bbox 154 1689 252 1758; x_wconf 84' lang='lat' dir='ltr'><strong>Wegen</strong></span> <span class='ocrx_word' id='word_1_100' title='bbox 272 1705 364 1744; x_wconf 84' lang='lat' dir='ltr'><strong>rorum</strong></span> <span class='ocrx_word' id='word_1_101' title='bbox 382 1691 432 1757; x_wconf 92' lang='lat' dir='ltr'><strong>„in</strong></span> <span class='ocrx_word' id='word_1_102' title='bbox 450 1690 497 1744; x_wconf 88' lang='lat' dir='ltr'><strong>der</strong></span> <span class='ocrx_word' id='word_1_103' title='bbox 514 1689 619 1756; x_wconf 81' lang='lat' dir='ltr'><strong>Nahe“‚</strong></span> <span class='ocrx_word' id='word_1_104' title='bbox 646 1691 742 1757; x_wconf 87' lang='lat' dir='ltr'><strong>„dicht</strong></span> <span class='ocrx_word' id='word_1_105' title='bbox 796 1691 1388 1760; x_wconf 80' lang='lat' dir='ltr'><strong>commentationes“.-maditutua]„durch-</strong></span> 
     </span>
     <span class='ocr_line' id='line_1_13' title="bbox 153 1777 1386 1850; baseline 0.003 -19"><span class='ocrx_word' id='word_1_106' title='bbox 153 1778 255 1832; x_wconf 88' lang='lat' dir='ltr'><strong>heran“</strong></span> <span class='ocrx_word' id='word_1_107' title='bbox 275 1781 335 1845; x_wconf 87' lang='lat' dir='ltr'><strong>(von</strong></span> <span class='ocrx_word' id='word_1_108' title='bbox 353 1777 499 1848; x_wconf 85' lang='lat' dir='ltr'><strong>Angesicht</strong></span> <span class='ocrx_word' id='word_1_109' title='bbox 517 1797 548 1832; x_wconf 86' lang='lat' dir='ltr'><strong>zu</strong></span> <span class='ocrx_word' id='word_1_110' title='bbox 567 1778 610 1845; x_wconf 81' lang='lat' dir='ltr'><strong>A.)</strong></span> <span class='ocrx_word' id='word_1_111' title='bbox 629 1797 650 1834; x_wconf 83' lang='lat' dir='ltr'><strong>a.</strong></span> <span class='ocrx_word' id='word_1_112' title='bbox 669 1779 741 1834; x_wconf 84' lang='lat' dir='ltr'><strong>Hist.</strong></span> <span class='ocrx_word' id='word_1_113' title='bbox 795 1779 888 1847; x_wconf 73' lang='lat' dir='ltr'><strong>dauht,</strong></span> <span class='ocrx_word' id='word_1_114' title='bbox 912 1781 1064 1850; x_wconf 82' lang='lat' dir='ltr'><strong>liberlegt“,</strong></span> <span class='ocrx_word' id='word_1_115' title='bbox 1089 1782 1127 1836; x_wconf 86' lang='lat' dir='ltr'><strong>iat</strong></span> <span class='ocrx_word' id='word_1_116' title='bbox 1151 1782 1218 1836; x_wconf 85' lang='lat' dir='ltr'><strong>auch</strong></span> <span class='ocrx_word' id='word_1_117' title='bbox 1243 1785 1319 1836; x_wconf 82' lang='lat' dir='ltr'><strong>ronst</strong></span> <span class='ocrx_word' id='word_1_118' title='bbox 1341 1782 1386 1836; x_wconf 89' lang='lat' dir='ltr'><strong>boi</strong></span> 
     </span>
     <span class='ocr_line' id='line_1_14' title="bbox 153 1868 1386 1938; baseline 0.002 -17"><span class='ocrx_word' id='word_1_119' title='bbox 153 1868 200 1934; x_wconf 84' lang='lat' dir='ltr'><strong>IV,</strong></span> <span class='ocrx_word' id='word_1_120' title='bbox 211 1868 258 1922; x_wconf 82' lang='lat'><strong>65:</strong></span> <span class='ocrx_word' id='word_1_121' title='bbox 274 1885 383 1935; x_wconf 89' lang='lat' dir='ltr'><strong>„coram</strong></span> <span class='ocrx_word' id='word_1_122' title='bbox 396 1869 469 1922; x_wconf 89' lang='lat' dir='ltr'><strong>adire</strong></span> <span class='ocrx_word' id='word_1_123' title='bbox 482 1869 639 1938; x_wconf 81' lang='lat' dir='ltr'><strong>adloquique</strong></span> <span class='ocrx_word' id='word_1_124' title='bbox 652 1869 742 1922; x_wconf 81' lang='lat' dir='ltr'><strong>Velae</strong></span> <span class='ocrx_word' id='word_1_125' title='bbox 795 1869 864 1935; x_wconf 83' lang='lat' dir='ltr'><strong>Tac,</strong></span> <span class='ocrx_word' id='word_1_126' title='bbox 883 1870 934 1923; x_wconf 91' lang='lat' dir='ltr'><strong>mit</strong></span> <span class='ocrx_word' id='word_1_127' title='bbox 951 1869 1102 1924; x_wconf 82' lang='lat' dir='ltr'><strong>Ausuahme</strong></span> <span class='ocrx_word' id='word_1_128' title='bbox 1120 1887 1169 1924; x_wconf 87' lang='lat' dir='ltr'><strong>von</strong></span> <span class='ocrx_word' id='word_1_129' title='bbox 1188 1871 1256 1925; x_wconf 84' lang='lat' dir='ltr'><strong>Dial.</strong></span> <span class='ocrx_word' id='word_1_130' title='bbox 1277 1872 1319 1938; x_wconf 93' lang='lat'><strong>10,</strong></span> <span class='ocrx_word' id='word_1_131' title='bbox 1338 1873 1386 1938; x_wconf 89' lang='lat'><strong>31,</strong></span> 
     </span>
     <span class='ocr_line' id='line_1_15' title="bbox 155 1957 1179 2029; baseline 0.003 -19"><span class='ocrx_word' id='word_1_132' title='bbox 155 1957 244 2012; x_wconf 89' lang='lat' dir='ltr'><strong>dam“.</strong></span> <span class='ocrx_word' id='word_1_133' title='bbox 275 1957 325 2011; x_wconf 91' lang='lat' dir='ltr'><strong>Dia</strong></span> <span class='ocrx_word' id='word_1_134' title='bbox 338 1957 498 2026; x_wconf 81' lang='lat' dir='ltr'><strong>Steigarung</strong></span> <span class='ocrx_word' id='word_1_135' title='bbox 516 1975 566 2012; x_wconf 85' lang='lat' dir='ltr'><strong>ron</strong></span> <span class='ocrx_word' id='word_1_136' title='bbox 582 1958 660 2024; x_wconf 83' lang='lat' dir='ltr'><strong>„sich</strong></span> <span class='ocrx_word' id='word_1_137' title='bbox 675 1975 742 2012; x_wconf 82' lang='lat' dir='ltr'><strong>oam-</strong></span> <span class='ocrx_word' id='word_1_138' title='bbox 794 1975 846 2012; x_wconf 89' lang='lat' dir='ltr'><strong>nur</strong></span> <span class='ocrx_word' id='word_1_139' title='bbox 863 1959 1008 2029; x_wconf 83' lang='lat' dir='ltr'><strong>pasairlsoh</strong></span> <span class='ocrx_word' id='word_1_140' title='bbox 1026 1959 1179 2028; x_wconf 82' lang='lat' dir='ltr'><strong>gebraucht</strong></span> 
     </span>
     <span class='ocr_line' id='line_1_16' title="bbox 154 2046 1386 2117; baseline 0.002 -18"><span class='ocrx_word' id='word_1_141' title='bbox 154 2046 245 2100; x_wconf 88' lang='lat' dir='ltr'><strong>moln“</strong></span> <span class='ocrx_word' id='word_1_142' title='bbox 264 2046 319 2100; x_wconf 89' lang='lat' dir='ltr'><strong>und</strong></span> <span class='ocrx_word' id='word_1_143' title='bbox 338 2047 542 2114; x_wconf 79' lang='lat' dir='ltr'><strong>„umdrdngen“</strong></span> <span class='ocrx_word' id='word_1_144' title='bbox 561 2047 627 2100; x_wconf 83' lang='lat' dir='ltr'><strong>wird</strong></span> <span class='ocrx_word' id='word_1_145' title='bbox 645 2047 741 2114; x_wconf 82' lang='lat' dir='ltr'><strong>fortge·</strong></span> <span class='ocrx_word' id='word_1_146' title='bbox 833 2059 874 2101; x_wconf 67' lang='grc' dir='ltr'><strong>ιο.</strong></span> <span class='ocrx_word' id='word_1_147' title='bbox 896 2048 1020 2117; x_wconf 70' lang='lat' dir='ltr'><strong>poardus]</strong></span> <span class='ocrx_word' id='word_1_148' title='bbox 1046 2048 1174 2115; x_wconf 91' lang='lat' dir='ltr'><strong>„Wucht,</strong></span> <span class='ocrx_word' id='word_1_149' title='bbox 1193 2048 1386 2116; x_wconf 85' lang='lat' dir='ltr'><strong>Nachdruek“,</strong></span> 
     </span>
     <span class='ocr_line' id='line_1_17' title="bbox 154 2134 1389 2207; baseline 0.003 -19"><span class='ocrx_word' id='word_1_150' title='bbox 154 2137 223 2188; x_wconf 82' lang='lat' dir='ltr'><strong>setzt</strong></span> <span class='ocrx_word' id='word_1_151' title='bbox 246 2135 296 2188; x_wconf 88' lang='lat' dir='ltr'><strong>mit</strong></span> <span class='ocrx_word' id='word_1_152' title='bbox 315 2135 438 2204; x_wconf 76' lang='lat' dir='ltr'><strong>accipere</strong></span> <span class='ocrx_word' id='word_1_153' title='bbox 457 2134 596 2200; x_wconf 74' lang='lat' dir='ltr'><strong>adfectum</strong></span> <span class='ocrx_word' id='word_1_154' title='bbox 614 2137 673 2201; x_wconf 84' lang='lat' dir='ltr'><strong>etc,</strong></span> <span class='ocrx_word' id='word_1_155' title='bbox 693 2153 741 2189; x_wconf 87' lang='lat' dir='ltr'><strong>wo·</strong></span> <span class='ocrx_word' id='word_1_156' title='bbox 796 2153 922 2206; x_wconf 81' lang='lat' dir='ltr'><strong>synonym</strong></span> <span class='ocrx_word' id='word_1_157' title='bbox 937 2139 988 2192; x_wconf 91' lang='lat' dir='ltr'><strong>mit</strong></span> <span class='ocrx_word' id='word_1_158' title='bbox 1001 2139 1052 2205; x_wconf 79' lang='lat' dir='ltr'><strong>uta,</strong></span> <span class='ocrx_word' id='word_1_159' title='bbox 1070 2143 1241 2206; x_wconf 70' lang='lat' dir='ltr'><strong>moerentum,</strong></span> <span class='ocrx_word' id='word_1_160' title='bbox 1258 2139 1389 2207; x_wconf 71' lang='lat' dir='ltr'><strong>prauitas</strong></span> 
     </span>
     <span class='ocr_line' id='line_1_18' title="bbox 153 2224 1386 2297; baseline 0.002 -20"><span class='ocrx_word' id='word_1_161' title='bbox 153 2224 204 2278; x_wconf 90' lang='lat' dir='ltr'><strong>mit</strong></span> <span class='ocrx_word' id='word_1_162' title='bbox 223 2224 265 2278; x_wconf 88' lang='lat' dir='ltr'><strong>die</strong></span> <span class='ocrx_word' id='word_1_163' title='bbox 283 2224 366 2278; x_wconf 88' lang='lat' dir='ltr'><strong>durch</strong></span> <span class='ocrx_word' id='word_1_164' title='bbox 384 2225 426 2278; x_wconf 90' lang='lat' dir='ltr'><strong>die</strong></span> <span class='ocrx_word' id='word_1_165' title='bbox 440 2225 512 2278; x_wconf 87' lang='lat' dir='ltr'><strong>Rada</strong></span> <span class='ocrx_word' id='word_1_166' title='bbox 526 2225 742 2293; x_wconf 84' lang='lat' dir='ltr'><strong>hervorgarufene</strong></span> <span class='ocrx_word' id='word_1_167' title='bbox 795 2225 859 2293; x_wconf 87' lang='lat' dir='ltr'><strong>(Cic.</strong></span> <span class='ocrx_word' id='word_1_168' title='bbox 878 2229 952 2295; x_wconf 77' lang='lat' dir='ltr'><strong>negt:</strong></span> <span class='ocrx_word' id='word_1_169' title='bbox 978 2228 1151 2293; x_wconf 86' lang='lat' dir='ltr'><strong>„verborum,</strong></span> <span class='ocrx_word' id='word_1_170' title='bbox 1177 2227 1303 2280; x_wconf 82' lang='lat' dir='ltr'><strong>orationis</strong></span> <span class='ocrx_word' id='word_1_171' title='bbox 1321 2244 1386 2297; x_wconf 91' lang='lat' dir='ltr'><strong>pon·</strong></span> 
     </span>
     <span class='ocr_line' id='line_1_19' title="bbox 153 2313 1388 2385; baseline 0.004 -19"><span class='ocrx_word' id='word_1_172' title='bbox 153 2313 284 2380; x_wconf 82' lang='lat' dir='ltr'><strong>Wirlrung</strong></span> <span class='ocrx_word' id='word_1_173' title='bbox 297 2313 473 2382; x_wconf 85' lang='lat' dir='ltr'><strong>ausgedn&#39;ickt</strong></span> <span class='ocrx_word' id='word_1_174' title='bbox 486 2314 531 2368; x_wconf 82' lang='lat' dir='ltr'><strong>iot.</strong></span> <span class='ocrx_word' id='word_1_175' title='bbox 550 2349 585 2358; x_wconf 89' lang='lat'>-</span> <span class='ocrx_word' id='word_1_176' title='bbox 604 2313 740 2381; x_wconf 73' lang='lat' dir='ltr'><strong>indicarit]</strong></span> <span class='ocrx_word' id='word_1_177' title='bbox 796 2316 903 2382; x_wconf 85' lang='lat' dir='ltr'><strong>dera“)‚</strong></span> <span class='ocrx_word' id='word_1_178' title='bbox 928 2317 975 2370; x_wconf 89' lang='lat' dir='ltr'><strong>aul</strong></span> <span class='ocrx_word' id='word_1_179' title='bbox 993 2317 1096 2385; x_wconf 74' lang='lat' dir='ltr'><strong>paudti</strong></span> <span class='ocrx_word' id='word_1_180' title='bbox 1120 2317 1170 2370; x_wconf 89' lang='lat' dir='ltr'><strong>mit</strong></span> <span class='ocrx_word' id='word_1_181' title='bbox 1195 2317 1321 2384; x_wconf 84' lang='lat' dir='ltr'><strong>bczogen,</strong></span> <span class='ocrx_word' id='word_1_182' title='bbox 1347 2317 1388 2370; x_wconf 86' lang='lat' dir='ltr'><strong>iat</strong></span> 
     </span>
     <span class='ocr_line' id='line_1_20' title="bbox 155 2403 1385 2474; baseline 0.004 -19"><span class='ocrx_word' id='word_1_183' title='bbox 155 2419 363 2470; x_wconf 85' lang='lat' dir='ltr'><strong>„anganommen</strong></span> <span class='ocrx_word' id='word_1_184' title='bbox 377 2403 459 2468; x_wconf 90' lang='lat' dir='ltr'><strong>hat“;</strong></span> <span class='ocrx_word' id='word_1_185' title='bbox 474 2403 543 2457; x_wconf 88' lang='lat' dir='ltr'><strong>deun</strong></span> <span class='ocrx_word' id='word_1_186' title='bbox 557 2403 653 2469; x_wconf 78' lang='lat' dir='ltr'><strong>derlt,</strong></span> <span class='ocrx_word' id='word_1_187' title='bbox 667 2420 741 2458; x_wconf 85' lang='lat' dir='ltr'><strong>uenn</strong></span> <span class='ocrx_word' id='word_1_188' title='bbox 796 2405 1023 2472; x_wconf 82' lang='lat' dir='ltr'><strong>ungewdhnlicher</strong></span> <span class='ocrx_word' id='word_1_189' title='bbox 1040 2405 1106 2458; x_wconf 84' lang='lat' dir='ltr'><strong>noch</strong></span> <span class='ocrx_word' id='word_1_190' title='bbox 1125 2405 1165 2458; x_wconf 87' lang='lat' dir='ltr'><strong>als</strong></span> <span class='ocrx_word' id='word_1_191' title='bbox 1185 2406 1209 2470; x_wconf 96' lang='lat' dir='ltr'><strong>l,</strong></span> <span class='ocrx_word' id='word_1_192' title='bbox 1229 2407 1260 2460; x_wconf 79' lang='lat'><strong>7:</strong></span> <span class='ocrx_word' id='word_1_193' title='bbox 1287 2422 1385 2474; x_wconf 86' lang='lat' dir='ltr'><strong>„quae-</strong></span> 
     </span>
     <span class='ocr_line' id='line_1_21' title="bbox 153 2491 1388 2563; baseline 0.003 -19"><span class='ocrx_word' id='word_1_194' title='bbox 153 2491 209 2544; x_wconf 86' lang='lat' dir='ltr'><strong>ihm</strong></span> <span class='ocrx_word' id='word_1_195' title='bbox 234 2491 322 2544; x_wconf 87' lang='lat' dir='ltr'><strong>starke</strong></span> <span class='ocrx_word' id='word_1_196' title='bbox 345 2491 592 2559; x_wconf 80' lang='lat' dir='ltr'><strong>Einbildungalrrast</strong></span> <span class='ocrx_word' id='word_1_197' title='bbox 616 2492 742 2559; x_wconf 81' lang='lat' dir='ltr'><strong>augebota</strong></span> <span class='ocrx_word' id='word_1_198' title='bbox 796 2494 890 2548; x_wconf 84' lang='lat' dir='ltr'><strong>ationis</strong></span> <span class='ocrx_word' id='word_1_199' title='bbox 913 2494 1047 2563; x_wconf 85' lang='lat' dir='ltr'><strong>pondns“.</strong></span> <span class='ocrx_word' id='word_1_200' title='bbox 1073 2523 1106 2534; x_wconf 89' lang='lat'>-</span> <span class='ocrx_word' id='word_1_201' title='bbox 1131 2511 1230 2549; x_wconf 78' lang='lat' dir='ltr'><strong>nouam</strong></span> <span class='ocrx_word' id='word_1_202' title='bbox 1249 2501 1276 2548; x_wconf 82' lang='lat' dir='ltr'><strong>et</strong></span> <span class='ocrx_word' id='word_1_203' title='bbox 1293 2511 1388 2549; x_wconf 79' lang='lat' dir='ltr'><strong>reocu-</strong></span> 
     </span>
     <span class='ocr_line' id='line_1_22' title="bbox 155 2579 1383 2650; baseline 0.002 -16"><span class='ocrx_word' id='word_1_204' title='bbox 155 2580 236 2647; x_wconf 78' lang='lat' dir='ltr'><strong>steht,</strong></span> <span class='ocrx_word' id='word_1_205' title='bbox 250 2580 329 2646; x_wconf 83' lang='lat' dir='ltr'><strong>kann,</strong></span> <span class='ocrx_word' id='word_1_206' title='bbox 344 2580 392 2634; x_wconf 87' lang='lat' dir='ltr'><strong>wie</strong></span> <span class='ocrx_word' id='word_1_207' title='bbox 406 2580 447 2632; x_wconf 90' lang='lat' dir='ltr'><strong>ein</strong></span> <span class='ocrx_word' id='word_1_208' title='bbox 460 2583 539 2647; x_wconf 79' lang='lat' dir='ltr'><strong>guter</strong></span> <span class='ocrx_word' id='word_1_209' title='bbox 553 2579 741 2650; x_wconf 83' lang='lat' dir='ltr'><strong>Schauspieler,</strong></span> <span class='ocrx_word' id='word_1_210' title='bbox 796 2581 861 2648; x_wconf 81' lang='lat' dir='ltr'><strong>tam]</strong></span> <span class='ocrx_word' id='word_1_211' title='bbox 888 2599 961 2648; x_wconf 91' lang='lat' dir='ltr'><strong>„neu</strong></span> <span class='ocrx_word' id='word_1_212' title='bbox 984 2581 1038 2636; x_wconf 90' lang='lat' dir='ltr'><strong>und</strong></span> <span class='ocrx_word' id='word_1_213' title='bbox 1063 2582 1128 2636; x_wconf 87' lang='lat' dir='ltr'><strong>aben</strong></span> <span class='ocrx_word' id='word_1_214' title='bbox 1152 2586 1209 2636; x_wconf 86' lang='lat' dir='ltr'><strong>erat</strong></span> <span class='ocrx_word' id='word_1_215' title='bbox 1232 2583 1383 2650; x_wconf 77' lang='lat' dir='ltr'><strong>ermogen“.</strong></span> 
     </span>
     <span class='ocr_line' id='line_1_23' title="bbox 155 2668 1385 2740; baseline 0.002 -18"><span class='ocrx_word' id='word_1_216' title='bbox 155 2669 202 2722; x_wconf 84' lang='lat' dir='ltr'><strong>dae</strong></span> <span class='ocrx_word' id='word_1_217' title='bbox 221 2669 369 2736; x_wconf 87' lang='lat' dir='ltr'><strong>erreiohen,</strong></span> <span class='ocrx_word' id='word_1_218' title='bbox 389 2672 443 2736; x_wconf 91' lang='lat' dir='ltr'><strong>„ut</strong></span> <span class='ocrx_word' id='word_1_219' title='bbox 460 2669 523 2722; x_wconf 86' lang='lat' dir='ltr'><strong>talia</strong></span> <span class='ocrx_word' id='word_1_220' title='bbox 541 2668 662 2722; x_wconf 86' lang='lat' dir='ltr'><strong>videatur</strong></span> <span class='ocrx_word' id='word_1_221' title='bbox 680 2685 742 2738; x_wconf 83' lang='lat' dir='ltr'><strong>qua-</strong></span> <span class='ocrx_word' id='word_1_222' title='bbox 795 2670 917 2724; x_wconf 86' lang='lat' dir='ltr'><strong>Dieselbe</strong></span> <span class='ocrx_word' id='word_1_223' title='bbox 948 2670 1120 2739; x_wconf 87' lang='lat' dir='ltr'><strong>Verbindung</strong></span> <span class='ocrx_word' id='word_1_224' title='bbox 1156 2673 1285 2740; x_wconf 83' lang='lat' dir='ltr'><strong>bogeguet</strong></span> <span class='ocrx_word' id='word_1_225' title='bbox 1316 2672 1385 2724; x_wconf 87' lang='lat' dir='ltr'><strong>auch</strong></span> 
     </span>
     <span class='ocr_line' id='line_1_24' title="bbox 154 2757 1387 2828; baseline 0.002 -16"><span class='ocrx_word' id='word_1_226' title='bbox 154 2759 204 2812; x_wconf 89' lang='lat' dir='ltr'><strong>lem</strong></span> <span class='ocrx_word' id='word_1_227' title='bbox 229 2758 312 2812; x_wconf 88' lang='lat' dir='ltr'><strong>videri</strong></span> <span class='ocrx_word' id='word_1_228' title='bbox 335 2775 363 2811; x_wconf 85' lang='lat' dir='ltr'><strong>ee</strong></span> <span class='ocrx_word' id='word_1_229' title='bbox 386 2758 471 2812; x_wconf 83' lang='lat' dir='ltr'><strong>velit“</strong></span> <span class='ocrx_word' id='word_1_230' title='bbox 492 2760 556 2824; x_wconf 85' lang='lat' dir='ltr'><strong>oto.;</strong></span> <span class='ocrx_word' id='word_1_231' title='bbox 581 2757 634 2812; x_wconf 84' lang='lat' dir='ltr'><strong>Cic.</strong></span> <span class='ocrx_word' id='word_1_232' title='bbox 654 2758 686 2812; x_wconf 89' lang='lat' dir='ltr'><strong>de</strong></span> <span class='ocrx_word' id='word_1_233' title='bbox 704 2774 742 2813; x_wconf 70' lang='lat' dir='ltr'><strong>or,</strong></span> <span class='ocrx_word' id='word_1_234' title='bbox 796 2761 826 2826; x_wconf 91' lang='lat'><strong>8,</strong></span> <span class='ocrx_word' id='word_1_235' title='bbox 845 2761 871 2814; x_wconf 80' lang='grc'><strong>2.</strong></span> <span class='ocrx_word' id='word_1_236' title='bbox 898 2787 930 2800; x_wconf 89' lang='lat'><strong>——</strong></span> <span class='ocrx_word' id='word_1_237' title='bbox 957 2759 1038 2828; x_wconf 80' lang='lat' dir='ltr'><strong>cura]</strong></span> <span class='ocrx_word' id='word_1_238' title='bbox 1064 2761 1161 2826; x_wconf 87' lang='lat' dir='ltr'><strong>wie3,</strong></span> <span class='ocrx_word' id='word_1_239' title='bbox 1183 2763 1223 2815; x_wconf 92' lang='lat'><strong>13.</strong></span> <span class='ocrx_word' id='word_1_240' title='bbox 1249 2790 1282 2798; x_wconf 89' lang='lat'><em>-</em></span> <span class='ocrx_word' id='word_1_241' title='bbox 1309 2766 1387 2814; x_wconf 82' lang='lat' dir='ltr'><strong>attu-</strong></span> 
     </span>
     <span class='ocr_line' id='line_1_25' title="bbox 154 2847 1388 2917; baseline 0.003 -17"><span class='ocrx_word' id='word_1_242' title='bbox 154 2848 244 2914; x_wconf 65' lang='lat' dir='ltr'><strong>Into.</strong></span> <span class='ocrx_word' id='word_1_243' title='bbox 272 2847 337 2900; x_wconf 85' lang='lat' dir='ltr'><strong>Eine</strong></span> <span class='ocrx_word' id='word_1_244' title='bbox 351 2865 380 2900; x_wconf 84' lang='lat' dir='ltr'><strong>so</strong></span> <span class='ocrx_word' id='word_1_245' title='bbox 395 2847 743 2916; x_wconf 84' lang='lat' dir='ltr'><strong>naturwahreDarstellung</strong></span> <span class='ocrx_word' id='word_1_246' title='bbox 798 2849 871 2916; x_wconf 76' lang='lat' dir='ltr'><strong>terit]</strong></span> <span class='ocrx_word' id='word_1_247' title='bbox 897 2849 952 2902; x_wconf 86' lang='lat' dir='ltr'><strong>Das</strong></span> <span class='ocrx_word' id='word_1_248' title='bbox 969 2848 1030 2903; x_wconf 77' lang='lat' dir='ltr'><strong>nuc.</strong></span> <span class='ocrx_word' id='word_1_249' title='bbox 1049 2849 1078 2902; x_wconf 90' lang='grc' dir='ltr'><strong><em>Π</em></strong></span> <span class='ocrx_word' id='word_1_250' title='bbox 1096 2865 1184 2917; x_wconf 84' lang='lat' dir='ltr'><strong>wagan</strong></span> <span class='ocrx_word' id='word_1_251' title='bbox 1204 2849 1249 2902; x_wconf 85' lang='lat' dir='ltr'><strong>dea</strong></span> <span class='ocrx_word' id='word_1_252' title='bbox 1268 2850 1295 2902; x_wconf 89' lang='lat' dir='ltr'><strong>iu</strong></span> <span class='ocrx_word' id='word_1_253' title='bbox 1314 2866 1388 2904; x_wconf 88' lang='lat' dir='ltr'><strong>com-</strong></span> 
     </span>
     <span class='ocr_line' id='line_1_26' title="bbox 154 2935 1388 3006; baseline 0 -16"><span class='ocrx_word' id='word_1_254' title='bbox 154 2937 223 2990; x_wconf 82' lang='lat' dir='ltr'><strong>mula</strong></span> <span class='ocrx_word' id='word_1_255' title='bbox 242 2936 382 2990; x_wconf 85' lang='lat' dir='ltr'><strong>denaelben</strong></span> <span class='ocrx_word' id='word_1_256' title='bbox 402 2935 490 2990; x_wconf 78' lang='lat' dir='ltr'><strong>anem</strong></span> <span class='ocrx_word' id='word_1_257' title='bbox 511 2936 551 2990; x_wconf 90' lang='lat' dir='ltr'><strong>bei</strong></span> <span class='ocrx_word' id='word_1_258' title='bbox 570 2937 621 2990; x_wconf 90' lang='lat' dir='ltr'><strong>den</strong></span> <span class='ocrx_word' id='word_1_259' title='bbox 639 2936 742 2990; x_wconf 87' lang='lat' dir='ltr'><strong>Hdrern</strong></span> <span class='ocrx_word' id='word_1_260' title='bbox 796 2937 909 2990; x_wconf 81' lang='lat' dir='ltr'><strong>maudut</strong></span> <span class='ocrx_word' id='word_1_261' title='bbox 923 2942 1047 2992; x_wconf 77' lang='lat' dir='ltr'><strong>cacatum</strong></span> <span class='ocrx_word' id='word_1_262' title='bbox 1063 2938 1199 3006; x_wconf 87' lang='lat' dir='ltr'><strong>liegenden</strong></span> <span class='ocrx_word' id='word_1_263' title='bbox 1212 2939 1324 3006; x_wconf 84' lang='lat' dir='ltr'><strong>Begriffo</strong></span> <span class='ocrx_word' id='word_1_264' title='bbox 1338 2939 1388 2991; x_wconf 82' lang='lat' dir='ltr'><strong>dea</strong></span> 
     </span>
     <span class='ocr_line' id='line_1_27' title="bbox 154 3025 1388 3094; baseline 0.002 -16"><span class='ocrx_word' id='word_1_265' title='bbox 154 3025 365 3093; x_wconf 85' lang='lat' dir='ltr'><strong>hervorbringen.</strong></span> <span class='ocrx_word' id='word_1_266' title='bbox 385 3055 419 3064; x_wconf 91' lang='lat'>-</span> <span class='ocrx_word' id='word_1_267' title='bbox 443 3025 481 3079; x_wconf 87' lang='lat' dir='ltr'><strong>Zu</strong></span> <span class='ocrx_word' id='word_1_268' title='bbox 498 3025 615 3080; x_wconf 75' lang='lat' dir='ltr'><strong>inducre</strong></span> <span class='ocrx_word' id='word_1_269' title='bbox 633 3043 654 3080; x_wconf 86' lang='lat' dir='ltr'><strong>a.</strong></span> <span class='ocrx_word' id='word_1_270' title='bbox 672 3026 741 3081; x_wconf 82' lang='lat' dir='ltr'><strong>Anu.</strong></span> <span class='ocrx_word' id='word_1_271' title='bbox 796 3027 981 3094; x_wconf 85' lang='lat' dir='ltr'><strong>Zukiiustigen.</strong></span> <span class='ocrx_word' id='word_1_272' title='bbox 1014 3027 1094 3080; x_wconf 84' lang='lat' dir='ltr'><strong>Sonat</strong></span> <span class='ocrx_word' id='word_1_273' title='bbox 1111 3027 1199 3081; x_wconf 85' lang='lat' dir='ltr'><strong>wtirde</strong></span> <span class='ocrx_word' id='word_1_274' title='bbox 1217 3027 1265 3080; x_wconf 86' lang='lat' dir='ltr'><strong>das</strong></span> <span class='ocrx_word' id='word_1_275' title='bbox 1278 3028 1388 3081; x_wconf 85' lang='lat' dir='ltr'><strong>Perfekt</strong></span> 
     </span>
     <span class='ocr_line' id='line_1_28' title="bbox 155 3114 1384 3182; baseline 0.002 -14"><span class='ocrx_word' id='word_1_276' title='bbox 155 3114 202 3182; x_wconf 85' lang='lat' dir='ltr'><strong>IV,</strong></span> <span class='ocrx_word' id='word_1_277' title='bbox 222 3115 271 3168; x_wconf 75' lang='lat'><strong>12:</strong></span> <span class='ocrx_word' id='word_1_278' title='bbox 297 3115 438 3180; x_wconf 87' lang='lat' dir='ltr'><strong>„habitum</strong></span> <span class='ocrx_word' id='word_1_279' title='bbox 462 3131 493 3168; x_wconf 90' lang='lat' dir='ltr'><strong>ac</strong></span> <span class='ocrx_word' id='word_1_280' title='bbox 510 3132 584 3168; x_wconf 81' lang='lat' dir='ltr'><strong>voces</strong></span> <span class='ocrx_word' id='word_1_281' title='bbox 607 3115 742 3168; x_wconf 84' lang='lat' dir='ltr'><strong>dolentum</strong></span> <span class='ocrx_word' id='word_1_282' title='bbox 797 3133 829 3168; x_wconf 85' lang='lat' dir='ltr'><strong>zu</strong></span> <span class='ocrx_word' id='word_1_283' title='bbox 847 3119 974 3169; x_wconf 83' lang='lat' dir='ltr'><strong>erwarten</strong></span> <span class='ocrx_word' id='word_1_284' title='bbox 994 3116 1057 3170; x_wconf 85' lang='lat' dir='ltr'><strong>sein.</strong></span> <span class='ocrx_word' id='word_1_285' title='bbox 1083 3146 1117 3155; x_wconf 90' lang='lat'><em>-</em></span> <span class='ocrx_word' id='word_1_286' title='bbox 1144 3117 1321 3170; x_wconf 61' lang='lat' dir='ltr'><strong>{enodantur</strong></span> <span class='ocrx_word' id='word_1_287' title='bbox 1338 3133 1384 3170; x_wconf 85' lang='lat' dir='ltr'><strong>vo-</strong></span> 
     </span>
     <span class='ocr_line' id='line_1_29' title="bbox 156 3203 1389 3274; baseline -0.002 -16"><span class='ocrx_word' id='word_1_288' title='bbox 156 3204 323 3258; x_wconf 80' lang='lat' dir='ltr'><strong>nimulatione</strong></span> <span class='ocrx_word' id='word_1_289' title='bbox 346 3204 430 3272; x_wconf 79' lang='lat' dir='ltr'><strong>magia</strong></span> <span class='ocrx_word' id='word_1_290' title='bbox 453 3221 532 3274; x_wconf 87' lang='lat' dir='ltr'><strong>qnam</strong></span> <span class='ocrx_word' id='word_1_291' title='bbox 550 3204 635 3257; x_wconf 85' lang='lat' dir='ltr'><strong>libana</strong></span> <span class='ocrx_word' id='word_1_292' title='bbox 653 3204 742 3258; x_wconf 87' lang='lat' dir='ltr'><strong>indue·</strong></span> <span class='ocrx_word' id='word_1_293' title='bbox 797 3204 915 3272; x_wconf 74' lang='lat' dir='ltr'><strong>heptata&#39;]</strong></span> <span class='ocrx_word' id='word_1_294' title='bbox 939 3204 1055 3270; x_wconf 83' lang='lat' dir='ltr'><strong>„erhdht</strong></span> <span class='ocrx_word' id='word_1_295' title='bbox 1073 3204 1124 3257; x_wconf 87' lang='lat' dir='ltr'><strong>dan</strong></span> <span class='ocrx_word' id='word_1_296' title='bbox 1143 3203 1265 3258; x_wconf 84' lang='lat' dir='ltr'><strong>Genusa“</strong></span> <span class='ocrx_word' id='word_1_297' title='bbox 1283 3205 1389 3271; x_wconf 84' lang='lat' dir='ltr'><strong>(maclrt</strong></span> 
     </span>
     <span class='ocr_line' id='line_1_30' title="bbox 154 3291 1389 3358; baseline 0 -12"><span class='ocrx_word' id='word_1_298' title='bbox 154 3293 233 3346; x_wconf 63' lang='lat' dir='ltr'><strong>baeu</strong></span> <span class='ocrx_word' id='word_1_299' title='bbox 796 3292 841 3346; x_wconf 91' lang='lat' dir='ltr'><strong>ihu</strong></span> <span class='ocrx_word' id='word_1_300' title='bbox 856 3291 1031 3358; x_wconf 81' lang='lat' dir='ltr'><strong>ralfiuierter).</strong></span> <span class='ocrx_word' id='word_1_301' title='bbox 1059 3293 1114 3346; x_wconf 84' lang='lat' dir='ltr'><strong>Das</strong></span> <span class='ocrx_word' id='word_1_302' title='bbox 1129 3293 1242 3346; x_wconf 88' lang='lat' dir='ltr'><strong>Verbum</strong></span> <span class='ocrx_word' id='word_1_303' title='bbox 1256 3293 1284 3346; x_wconf 89' lang='lat' dir='ltr'><strong>in</strong></span> <span class='ocrx_word' id='word_1_304' title='bbox 1299 3293 1389 3346; x_wconf 82' lang='lat' dir='ltr'><strong>dieser</strong></span> 
     </span>
    </p>

    <p class='ocr_par' dir='ltr' id='par_1_4' title="bbox 152 3379 1389 4339">
     <span class='ocr_line' id='line_1_31' title="bbox 195 3379 1386 3451; baseline 0.002 -17"><span class='ocrx_word' id='word_1_305' title='bbox 195 3382 329 3451; x_wconf 62' lang='lat' dir='ltr'><strong>Vulcata]</strong></span> <span class='ocrx_word' id='word_1_306' title='bbox 348 3382 406 3435; x_wconf 91' lang='lat' dir='ltr'><strong>hier</strong></span> <span class='ocrx_word' id='word_1_307' title='bbox 423 3382 451 3434; x_wconf 91' lang='lat' dir='ltr'><strong>in</strong></span> <span class='ocrx_word' id='word_1_308' title='bbox 469 3381 575 3449; x_wconf 85' lang='lat' dir='ltr'><strong>eigentl.</strong></span> <span class='ocrx_word' id='word_1_309' title='bbox 590 3380 654 3434; x_wconf 86' lang='lat' dir='ltr'><strong>Bed.</strong></span> <span class='ocrx_word' id='word_1_310' title='bbox 674 3381 741 3447; x_wconf 83' lang='lat' dir='ltr'><strong>„all-</strong></span> <span class='ocrx_word' id='word_1_311' title='bbox 796 3381 869 3435; x_wconf 90' lang='lat' dir='ltr'><strong>bildl.</strong></span> <span class='ocrx_word' id='word_1_312' title='bbox 887 3379 1047 3450; x_wconf 87' lang='lat' dir='ltr'><strong>Bedautung</strong></span> <span class='ocrx_word' id='word_1_313' title='bbox 1065 3382 1144 3436; x_wconf 87' lang='lat' dir='ltr'><strong>sehon</strong></span> <span class='ocrx_word' id='word_1_314' title='bbox 1164 3382 1205 3434; x_wconf 92' lang='lat' dir='ltr'><strong>bei</strong></span> <span class='ocrx_word' id='word_1_315' title='bbox 1225 3381 1276 3436; x_wconf 83' lang='lat' dir='ltr'><strong>Cic.</strong></span> <span class='ocrx_word' id='word_1_316' title='bbox 1290 3382 1341 3436; x_wconf 82' lang='lat' dir='ltr'><strong>div.</strong></span> <span class='ocrx_word' id='word_1_317' title='bbox 1356 3383 1386 3436; x_wconf 90' lang='lat' dir='ltr'><strong>in</strong></span> 
     </span>
     <span class='ocr_line' id='line_1_32' title="bbox 154 3469 1388 3540; baseline 0 -16"><span class='ocrx_word' id='word_1_318' title='bbox 154 3471 255 3537; x_wconf 83' lang='lat' dir='ltr'><strong>gamain</strong></span> <span class='ocrx_word' id='word_1_319' title='bbox 274 3471 442 3535; x_wconf 86' lang='lat' dir='ltr'><strong>bekannte“;</strong></span> <span class='ocrx_word' id='word_1_320' title='bbox 461 3470 513 3538; x_wconf 84' lang='lat' dir='ltr'><strong>vgl.</strong></span> <span class='ocrx_word' id='word_1_321' title='bbox 535 3471 576 3536; x_wconf 89' lang='grc'><strong>19,</strong></span> <span class='ocrx_word' id='word_1_322' title='bbox 597 3471 644 3524; x_wconf 84' lang='grc'><strong>19;</strong></span> <span class='ocrx_word' id='word_1_323' title='bbox 665 3486 742 3540; x_wconf 71' lang='lat' dir='ltr'><strong>„per</strong></span> <span class='ocrx_word' id='word_1_324' title='bbox 796 3469 827 3536; x_wconf 84' lang='lat' dir='ltr'><strong>Q.</strong></span> <span class='ocrx_word' id='word_1_325' title='bbox 847 3469 920 3524; x_wconf 85' lang='lat' dir='ltr'><strong>Caec.</strong></span> <span class='ocrx_word' id='word_1_326' title='bbox 939 3471 988 3526; x_wconf 81' lang='lat'><strong>48:</strong></span> <span class='ocrx_word' id='word_1_327' title='bbox 1015 3471 1086 3537; x_wconf 90' lang='lat' dir='ltr'><strong>„tibi</strong></span> <span class='ocrx_word' id='word_1_328' title='bbox 1105 3471 1215 3537; x_wconf 79' lang='lat' dir='ltr'><strong>serviat,</strong></span> <span class='ocrx_word' id='word_1_329' title='bbox 1242 3471 1291 3524; x_wconf 89' lang='lat' dir='ltr'><strong>tibi</strong></span> <span class='ocrx_word' id='word_1_330' title='bbox 1315 3472 1388 3530; x_wconf 73' lang='lat' dir='ltr'><strong>leno,-</strong></span> 
     </span>
     <span class='ocr_line' id='line_1_33' title="bbox 155 3559 960 3628; baseline 0.001 -16"><span class='ocrx_word' id='word_1_331' title='bbox 155 3560 269 3628; x_wconf 82' lang='lat' dir='ltr'><strong>rnlgatis</strong></span> <span class='ocrx_word' id='word_1_332' title='bbox 293 3560 444 3614; x_wconf 84' lang='lat' dir='ltr'><strong>omnibus“.</strong></span> <span class='ocrx_word' id='word_1_333' title='bbox 481 3560 530 3612; x_wconf 91' lang='lat' dir='ltr'><strong>Die</strong></span> <span class='ocrx_word' id='word_1_334' title='bbox 547 3559 640 3613; x_wconf 83' lang='lat' dir='ltr'><strong>Worte</strong></span> <span class='ocrx_word' id='word_1_335' title='bbox 657 3560 741 3627; x_wconf 84' lang='lat' dir='ltr'><strong>impe-</strong></span> <span class='ocrx_word' id='word_1_336' title='bbox 796 3559 960 3613; x_wconf 83' lang='lat' dir='ltr'><strong>cinabltur“.</strong></span> 
     </span>
     <span class='ocr_line' id='line_1_34' title="bbox 154 3647 1388 3718; baseline -0.001 -15"><span class='ocrx_word' id='word_1_337' title='bbox 154 3649 273 3704; x_wconf 71' lang='lat' dir='ltr'><strong>citarum</strong></span> <span class='ocrx_word' id='word_1_338' title='bbox 295 3665 402 3718; x_wconf 82' lang='lat' dir='ltr'><strong>quoquc</strong></span> <span class='ocrx_word' id='word_1_339' title='bbox 424 3649 511 3704; x_wconf 78' lang='lat' dir='ltr'><strong>oculta</strong></span> <span class='ocrx_word' id='word_1_340' title='bbox 535 3651 659 3716; x_wconf 75' lang='lat' dir='ltr'><strong>expositu</strong></span> <span class='ocrx_word' id='word_1_341' title='bbox 683 3648 742 3702; x_wconf 82' lang='lat' dir='ltr'><strong>aiud</strong></span> <span class='ocrx_word' id='word_1_342' title='bbox 832 3647 1036 3718; x_wconf 72' lang='lat' dir='ltr'><strong>extemporalia]</strong></span> <span class='ocrx_word' id='word_1_343' title='bbox 1064 3649 1111 3702; x_wconf 86' lang='lat' dir='ltr'><strong>wia</strong></span> <span class='ocrx_word' id='word_1_344' title='bbox 1137 3647 1227 3714; x_wconf 81' lang='lat' dir='ltr'><strong>Quint.</strong></span> <span class='ocrx_word' id='word_1_345' title='bbox 1246 3649 1284 3716; x_wconf 88' lang='lat' dir='ltr'><strong>X,</strong></span> <span class='ocrx_word' id='word_1_346' title='bbox 1304 3650 1334 3715; x_wconf 88' lang='grc'><strong>6,</strong></span> <span class='ocrx_word' id='word_1_347' title='bbox 1353 3649 1388 3703; x_wconf 75' lang='lat'><strong>62</strong></span> 
     </span>
     <span class='ocr_line' id='line_1_35' title="bbox 154 3737 1387 3808; baseline 0 -18"><span class='ocrx_word' id='word_1_348' title='bbox 154 3737 278 3806; x_wconf 85' lang='lat' dir='ltr'><strong>lediglich</strong></span> <span class='ocrx_word' id='word_1_349' title='bbox 305 3737 515 3805; x_wconf 83' lang='lat' dir='ltr'><strong>Umsolrreibung</strong></span> <span class='ocrx_word' id='word_1_350' title='bbox 542 3738 596 3790; x_wconf 90' lang='lat' dir='ltr'><strong>und</strong></span> <span class='ocrx_word' id='word_1_351' title='bbox 623 3737 742 3790; x_wconf 75' lang='lat' dir='ltr'><strong>Erldute</strong></span> <span class='ocrx_word' id='word_1_352' title='bbox 797 3737 917 3806; x_wconf 85' lang='lat' dir='ltr'><strong>„alioqui</strong></span> <span class='ocrx_word' id='word_1_353' title='bbox 935 3738 976 3791; x_wconf 87' lang='lat' dir='ltr'><strong>vel</strong></span> <span class='ocrx_word' id='word_1_354' title='bbox 992 3737 1193 3808; x_wconf 81' lang='lat' dir='ltr'><strong>extemporalem</strong></span> <span class='ocrx_word' id='word_1_355' title='bbox 1207 3738 1387 3792; x_wconf 86' lang='lat' dir='ltr'><strong>temeritatem</strong></span> 
     </span>
     <span class='ocr_line' id='line_1_36' title="bbox 153 3827 1388 3896; baseline -0.001 -16"><span class='ocrx_word' id='word_1_356' title='bbox 153 3843 223 3894; x_wconf 80' lang='lat' dir='ltr'><strong>rung</strong></span> <span class='ocrx_word' id='word_1_357' title='bbox 250 3844 282 3880; x_wconf 85' lang='lat' dir='ltr'><strong>zu</strong></span> <span class='ocrx_word' id='word_1_358' title='bbox 310 3827 434 3896; x_wconf 57' lang='lat' dir='ltr'><strong>ramata.</strong></span> <span class='ocrx_word' id='word_1_359' title='bbox 477 3827 579 3880; x_wconf 83' lang='lat' dir='ltr'><strong>Ebeuoo</strong></span> <span class='ocrx_word' id='word_1_360' title='bbox 607 3827 742 3880; x_wconf 87' lang='lat' dir='ltr'><strong>verbalten</strong></span> <span class='ocrx_word' id='word_1_361' title='bbox 796 3827 865 3880; x_wconf 89' lang='lat' dir='ltr'><strong>malo</strong></span> <span class='ocrx_word' id='word_1_362' title='bbox 889 3843 968 3896; x_wconf 88' lang='lat' dir='ltr'><strong>quam</strong></span> <span class='ocrx_word' id='word_1_363' title='bbox 993 3827 1059 3880; x_wconf 88' lang='lat' dir='ltr'><strong>male</strong></span> <span class='ocrx_word' id='word_1_364' title='bbox 1083 3827 1264 3880; x_wconf 78' lang='lat' dir='ltr'><strong>cohaerentem</strong></span> <span class='ocrx_word' id='word_1_365' title='bbox 1287 3827 1388 3894; x_wconf 86' lang='lat' dir='ltr'><strong>cogita-</strong></span> 
     </span>
     <span class='ocr_line' id='line_1_37' title="bbox 154 3915 1384 3985; baseline -0.001 -16"><span class='ocrx_word' id='word_1_366' title='bbox 154 3916 210 3970; x_wconf 82' lang='lat' dir='ltr'><strong>oich</strong></span> <span class='ocrx_word' id='word_1_367' title='bbox 235 3933 267 3969; x_wconf 85' lang='lat' dir='ltr'><strong>zu</strong></span> <span class='ocrx_word' id='word_1_368' title='bbox 291 3916 440 3970; x_wconf 77' lang='lat' dir='ltr'><strong>secretiora</strong></span> <span class='ocrx_word' id='word_1_369' title='bbox 464 3916 505 3968; x_wconf 92' lang='lat' dir='ltr'><strong>die</strong></span> <span class='ocrx_word' id='word_1_370' title='bbox 523 3915 614 3969; x_wconf 84' lang='lat' dir='ltr'><strong>Wortc</strong></span> <span class='ocrx_word' id='word_1_371' title='bbox 633 3920 743 3969; x_wconf 78' lang='lat' dir='ltr'><strong>tontum</strong></span> <span class='ocrx_word' id='word_1_372' title='bbox 797 3915 928 3982; x_wconf 88' lang='lat' dir='ltr'><strong>tionem“;</strong></span> <span class='ocrx_word' id='word_1_373' title='bbox 944 3916 1009 3981; x_wconf 83' lang='lat'>6,5:</span> <span class='ocrx_word' id='word_1_374' title='bbox 1024 3916 1229 3985; x_wconf 80' lang='lat' dir='ltr'><strong>„extemporalis</strong></span> <span class='ocrx_word' id='word_1_375' title='bbox 1242 3916 1384 3970; x_wconf 87' lang='lat' dir='ltr'><strong>color“.-</strong></span> 
     </span>
     <span class='ocr_line' id='line_1_38' title="bbox 214 3994 1388 4072; baseline 0 -14"><span class='ocrx_word' id='word_1_376' title='bbox 214 4011 290 4060; x_wconf 76' lang='lat' dir='ltr'><strong>crota.</strong></span> <span class='ocrx_word' id='word_1_377' title='bbox 317 4034 350 4042; x_wconf 96' lang='lat'><em>-</em></span> <span class='ocrx_word' id='word_1_378' title='bbox 376 4005 506 4072; x_wconf 78' lang='lat' dir='ltr'><strong>dicentes]</strong></span> <span class='ocrx_word' id='word_1_379' title='bbox 535 4003 742 4058; x_wconf 83' lang='lat' dir='ltr'><strong>subotautiviaoh</strong></span> <span class='ocrx_word' id='word_1_380' title='bbox 795 3994 904 4059; x_wconf 71' lang='lat' dir='ltr'><strong>Ubera:</strong></span> <span class='ocrx_word' id='word_1_381' title='bbox 928 4006 1012 4072; x_wconf 88' lang='lat' dir='ltr'><strong>„aber</strong></span> <span class='ocrx_word' id='word_1_382' title='bbox 1034 4006 1091 4058; x_wconf 87' lang='lat' dir='ltr'><strong>eine</strong></span> <span class='ocrx_word' id='word_1_383' title='bbox 1114 4005 1201 4058; x_wconf 83' lang='lat' dir='ltr'><strong>llihne</strong></span> <span class='ocrx_word' id='word_1_384' title='bbox 1223 4005 1277 4058; x_wconf 91' lang='lat' dir='ltr'><strong>und</strong></span> <span class='ocrx_word' id='word_1_385' title='bbox 1301 4004 1388 4058; x_wconf 81' lang='lat' dir='ltr'><strong>selbot</strong></span> 
     </span>
     <span class='ocr_line' id='line_1_39' title="bbox 153 4093 1388 4164; baseline 0 -18"><span class='ocrx_word' id='word_1_386' title='bbox 153 4094 240 4162; x_wconf 91' lang='lat' dir='ltr'><strong>gebr.;</strong></span> <span class='ocrx_word' id='word_1_387' title='bbox 260 4111 281 4147; x_wconf 85' lang='lat' dir='ltr'><strong>s.</strong></span> <span class='ocrx_word' id='word_1_388' title='bbox 301 4095 448 4159; x_wconf 82' lang='lat' dir='ltr'><strong>au41,18.</strong></span> <span class='ocrx_word' id='word_1_389' title='bbox 468 4123 500 4130; x_wconf 97' lang='grc'>-</span> <span class='ocrx_word' id='word_1_390' title='bbox 519 4093 655 4162; x_wconf 78' lang='lat' dir='ltr'><strong>imperiti]</strong></span> <span class='ocrx_word' id='word_1_391' title='bbox 675 4096 743 4146; x_wconf 83' lang='lat' dir='ltr'><strong>etue</strong></span> <span class='ocrx_word' id='word_1_392' title='bbox 797 4110 944 4161; x_wconf 86' lang='lat' dir='ltr'><strong>verwegene</strong></span> <span class='ocrx_word' id='word_1_393' title='bbox 962 4094 1162 4164; x_wconf 83' lang='lat' dir='ltr'><strong>Improvisation</strong></span> <span class='ocrx_word' id='word_1_394' title='bbox 1181 4095 1277 4147; x_wconf 84' lang='lat' dir='ltr'><strong>sohafft</strong></span> <span class='ocrx_word' id='word_1_395' title='bbox 1294 4094 1388 4149; x_wconf 87' lang='lat' dir='ltr'><strong>beson-</strong></span> 
     </span>
     <span class='ocr_line' id='line_1_40' title="bbox 155 4169 1388 4252; baseline 0.001 -16"><span class='ocrx_word' id='word_1_396' title='bbox 155 4183 285 4249; x_wconf 83' lang='lat' dir='ltr'><strong>„Laien“,</strong></span> <span class='ocrx_word' id='word_1_397' title='bbox 310 4183 347 4236; x_wconf 88' lang='lat' dir='ltr'><strong>im</strong></span> <span class='ocrx_word' id='word_1_398' title='bbox 366 4181 513 4251; x_wconf 84' lang='lat' dir='ltr'><strong>Gaganaatz</strong></span> <span class='ocrx_word' id='word_1_399' title='bbox 536 4200 568 4236; x_wconf 84' lang='lat' dir='ltr'><strong>zu</strong></span> <span class='ocrx_word' id='word_1_400' title='bbox 593 4182 643 4236; x_wconf 85' lang='lat' dir='ltr'><strong>dau</strong></span> <span class='ocrx_word' id='word_1_401' title='bbox 661 4181 742 4236; x_wconf 84' lang='lat' dir='ltr'><strong>Faoh·</strong></span> <span class='ocrx_word' id='word_1_402' title='bbox 797 4182 858 4235; x_wconf 93' lang='lat' dir='ltr'><strong>dere</strong></span> <span class='ocrx_word' id='word_1_403' title='bbox 875 4182 1091 4250; x_wconf 79' lang='lat' dir='ltr'><strong>Belriedigung“.</strong></span> <span class='ocrx_word' id='word_1_404' title='bbox 1112 4212 1145 4222; x_wconf 90' lang='lat'><em>-</em></span> <span class='ocrx_word' id='word_1_405' title='bbox 1163 4169 1236 4237; x_wconf 73' lang='lat' dir='ltr'><strong>ataui</strong></span> <span class='ocrx_word' id='word_1_406' title='bbox 1253 4183 1286 4236; x_wconf 82' lang='lat' dir='ltr'><strong>in</strong></span> <span class='ocrx_word' id='word_1_407' title='bbox 1303 4182 1388 4252; x_wconf 77' lang='lat' dir='ltr'><strong>apro}</strong></span> 
     </span>
     <span class='ocr_line' id='line_1_41' title="bbox 152 4269 1389 4339; baseline -0.001 -14"><span class='ocrx_word' id='word_1_408' title='bbox 152 4277 288 4326; x_wconf 73' lang='lat' dir='ltr'><strong>mannam.</strong></span> <span class='ocrx_word' id='word_1_409' title='bbox 797 4269 849 4324; x_wconf 87' lang='lat' dir='ltr'><strong>Cic.</strong></span> <span class='ocrx_word' id='word_1_410' title='bbox 869 4270 901 4324; x_wconf 88' lang='lat' dir='ltr'><strong>de</strong></span> <span class='ocrx_word' id='word_1_411' title='bbox 920 4288 956 4326; x_wconf 90' lang='lat' dir='ltr'><strong>or.</strong></span> <span class='ocrx_word' id='word_1_412' title='bbox 975 4271 1017 4338; x_wconf 92' lang='lat' dir='ltr'><strong>II,</strong></span> <span class='ocrx_word' id='word_1_413' title='bbox 1038 4273 1102 4326; x_wconf 89' lang='lat'>131:</span> <span class='ocrx_word' id='word_1_414' title='bbox 1130 4271 1262 4338; x_wconf 86' lang='lat' dir='ltr'><strong>„subacto</strong></span> <span class='ocrx_word' id='word_1_415' title='bbox 1281 4271 1389 4339; x_wconf 84' lang='lat' dir='ltr'><strong>ingenio</strong></span> 
     </span>
    </p>

    <p class='ocr_par' dir='ltr' id='par_1_5' title="bbox 190 4359 1080 4429">
     <span class='ocr_line' id='line_1_42' title="bbox 190 4359 1080 4429; baseline -0.001 -14"><span class='ocrx_word' id='word_1_416' title='bbox 190 4366 351 4417; x_wconf 79' lang='lat' dir='ltr'><strong>accuratam</strong></span> <span class='ocrx_word' id='word_1_417' title='bbox 374 4361 598 4429; x_wconf 81' lang='lat' dir='ltr'><strong>meditatamque]</strong></span> <span class='ocrx_word' id='word_1_418' title='bbox 622 4360 670 4414; x_wconf 83' lang='lat' dir='ltr'><strong>wie</strong></span> <span class='ocrx_word' id='word_1_419' title='bbox 689 4359 741 4415; x_wconf 88' lang='lat' dir='ltr'><strong>Cio.</strong></span> <span class='ocrx_word' id='word_1_420' title='bbox 797 4376 862 4429; x_wconf 87' lang='lat' dir='ltr'><strong>opus</strong></span> <span class='ocrx_word' id='word_1_421' title='bbox 880 4363 924 4413; x_wconf 88' lang='lat' dir='ltr'><strong>est</strong></span> <span class='ocrx_word' id='word_1_422' title='bbox 941 4363 973 4414; x_wconf 88' lang='lat' dir='ltr'><strong>ut</strong></span> <span class='ocrx_word' id='word_1_423' title='bbox 986 4363 1080 4428; x_wconf 82' lang='lat' dir='ltr'><strong>agro“.</strong></span> 
     </span>
    </p>
   </div>
   <div class='ocr_carea' id='block_1_4' title="bbox 0 0 1554 4862">
    <p class='ocr_par' dir='ltr' id='par_1_6' title="bbox 0 0 1554 4862">
     <span class='ocr_line' id='line_1_43' title="bbox 0 0 1554 4862; baseline 0 0"><span class='ocrx_word' id='word_1_424' title='bbox 0 0 1554 4862; x_wconf 95' lang='lat' dir='ltr'><strong> </strong></span> 
     </span>
    </p>
   </div>
  </div>
 </body>
</html>
