3098 4858
142 361 180 422 tl
652 348 764 417 comam
782 363 867 416 raaia

141 525 230 590 dicat
256 527 313 589 aut
336 525 441 590 faciat.
487 523 572 603 Quin
596 525 693 588 etiam
723 524 784 607 ipsi
813 525 962 606 parantes
991 543 1055 587 non
1085 521 1239 605 probitati
1267 539 1373 601 neque

143 633 317 697 modestiae
341 632 489 715 parvulos
514 630 749 707 adsuefaciunt,
781 631 836 694 sed
867 630 1016 694 lasciviae
1047 632 1079 694 at
1107 628 1285 704 dicacitati,
1315 646 1373 710 per

144 758 227 822 quae
258 740 415 822 paulatIm
442 737 641 821 impudentia
670 737 787 819 inrepit
816 738 848 801 et
884 739 933 801 sui
968 737 1125 818 alienique
1161 737 1372 816 contemptus.

142 846 214 911 Iam
238 864 311 910 vero
334 846 460 928 propria
483 847 516 909 et
538 845 710 927 peculiaria
731 844 829 907 huius
859 844 947 908 urbis
978 844 1056 908 vitia
1085 861 1187 926 paene
1217 843 1250 905 in
1280 843 1371 905 utero

101 953 256 1017 romatris
286 953 408 1034 concipi
435 952 515 1016 mihi
544 952 708 1028 videntur,
743 951 939 1014 histrionalis
975 950 1065 1014 favor
1095 952 1128 1013 et
1158 949 1372 1031 gladiatorum

144 1078 361 1140 equorumque
385 1059 509 1123 studia:
542 1059 657 1140 quibus
682 1060 854 1140 occupatus
879 1060 911 1122 et
935 1057 1082 1121 obsessus
1115 1056 1240 1121 animus
1272 1072 1373 1135 quan-

142 1167 249 1230 tulum
278 1166 339 1230 loci
369 1165 459 1229 bonis
490 1165 613 1229 artibus
642 1165 817 1246 relinquit?
869 1161 1010 1242 Quotum
1042 1181 1200 1244 quemque
1229 1161 1371 1225 invenies

144 1273 199 1353 qui
222 1272 308 1336 domi
331 1271 506 1353 quidquam
530 1272 616 1335 aliud
639 1272 813 1353 loquatur?
846 1269 932 1349 Quos
957 1271 1035 1334 ahos
1058 1269 1372 1333 adulescentulorum

143 1397 304 1443 sermones
329 1379 517 1461 excipimus,
541 1379 568 1442 si
592 1378 718 1460 quando
742 1377 901 1441 auditoria
923 1377 1137 1440 intravimus?
1183 1375 1251 1439 Neo
1280 1392 1371 1457 prae-

100 1506 130 1546 11
143 1488 286 1567 oeptores
311 1485 440 1566 quidem
462 1485 545 1548 ullas
569 1484 741 1548 crebriores
766 1502 839 1547 cum
863 1482 1059 1551 auditoribus
1083 1482 1149 1546 suis
1173 1481 1298 1546 fabulas
1314 1481 1372 1544 ha-

142 1581 250 1667 bent3'
275 1593 429 1674 colhgunt
464 1593 548 1656 enirn
584 1591 754 1674 discipulos
788 1609 852 1654 non
889 1590 1057 1654 severitate
1093 1588 1277 1671 disciplinae
1312 1606 1372 1651 nec

142 1699 261 1780 ingenii
285 1699 507 1780 experimento,
532 1699 588 1762 sed
612 1697 783 1762 ambitione
808 1697 1040 1760 salutationum
1057 1698 1090 1759 et
1104 1695 1270 1759 inlecebris
1294 1694 1372 1758 adu-

141 1806 279 1870 lationis.

84 1918 131 1978 31)
231 1914 369 1978 Transeo
393 1912 496 1995 prima
519 1913 711 1977 discentium
735 1912 901 1988 elementa,
924 1911 957 1974 in
982 1910 1097 1991 quibus
1114 1911 1147 1973 et
1163 1909 1240 1991 ipsis
1256 1927 1372 1990 parum

176 2175 234 2214 oon
256 2161 398 2228 probitati
421 2176 507 2230 aeque
531 2159 729 2214 modoad
783 2158 913 2213 convertit
930 2157 1088 2226 impunitate
1113 2159 1141 2209 at
1163 2143 1315 2226 praemitti.
1335 2183 1370 2194 -

142 2250 205 2303 lasa.
225 2253 252 2302 et
270 2248 334 2317 dia]
359 2249 407 2302 Bei
426 2249 472 2302 der
490 2249 662 2316 Verbindung
679 2248 729 2302 mit
780 2246 973 2315 gladiatorum
998 2244 1191 2315 equorumque]
1219 2245 1298 2297 kurca
1321 2242 1371 2296 Ba·

140 2329 197 2392 oca
275 2355 361 2406 aequa
386 2338 450 2391 wird
469 2339 515 2392 der
533 2341 632 2391 erstere
650 2339 727 2406 Begr.
783 2336 927 2403 zeiohnung
962 2335 1004 2388 tiir
1036 2333 1112 2388 ...1
1157 2332 1225 2389 Ann.
1257 2332 1284 2398 I,
1318 2333 1370 2387 76:

137 2425 727 2494 (11019111111111111111110111,1111111111
783 2424 913 2492 „edendis
949 2423 1140 2492 gladiatoribus
1266 2422 1370 2474 Drusus

138 2529 227 2582 aequa
305 2531 392 2582 oeque
411 2516 514 2570 stiinde.
548 2514 627 2568 Jenes
645 2514 728 2568 findet
782 2513 949 2584 praesedit“;
974 2513 1055 2578 XIII,
1075 2513 1106 2567 5:
1133 2511 1247 2578 „edendi
1270 2509 1369 2577 gladia·

138 2603 196 2656 sich
215 2603 251 2655 im
269 2603 365 2671 Dialog
382 2604 450 2658 dftar
469 2605 510 2658 bei
529 2604 634 2657 solchen
653 2620 728 2673 paar·
782 2604 883 2669 tores“,
906 2604 955 2658 31:
976 2601 1175 2672 „spectaculum
1192 2600 1280 2668 glad.“
1300 2616 1326 2652 u.
1344 2603 1368 2653 ὅ.

138 2691 234 2744 weisen
245 2689 439 2759 Gegenslitzen:
459 2695 500 2759 12,
515 2694 532 2747 3
548 2710 622 2760 „non
636 2693 664 2746 in
678 2696 726 2746 str.
782 2691 815 2746 So
839 2694 900 2760 sagt
922 2692 968 2745 dar
987 2691 1096 2760 Spanier
1114 2693 1186 2743 toros
1204 2690 1246 2742 fiir
1266 2687 1370 2755 „saier-

139 2780 197 2833 urb.
208 2795 255 2832 nae
265 2780 405 2846 sedente“;
422 2783 463 2848 19,
473 2783 498 2836 3.
514 2782 557 2848 21,
571 2783 614 2836 33.
630 2782 726 2847 29,19.
782 2780 913 2850 htmpfe“.
934 2811 968 2819 —
987 2779 1165 2847 quantulam]
1184 2778 1288 2831 adverb.
1301 2775 1368 2844 Aoo,

138 2869 188 2935 31,
214 2869 239 2922 2.
266 2899 299 2906 —
326 2869 469 2938 paruulos]
494 2870 544 2923 mit
569 2869 727 2939 spdttischar
783 2870 829 2922 wia
853 2868 1008 2924 (111111281
1035 2885 1100 2939 „qa
1124 2868 1192 2920 anim
1217 2866 1301 2920 amnis
1326 2867 1370 2920 ob·

139 2956 291 3026 Betooung:
310 2958 367 3011 ihre
379 2957 611 3025 (verhttsohelten)
624 2957 727 3012 kleinan
782 2959 902 3024 stabat“,
917 2975 965 3011 von
981 2957 1042 3011 sehr
1055 2957 1188 3026 garingam
1201 2954 1295 3022 Grada,
1310 2955 1370 3009 dem

136 3046 257 3114 Itangan.
274 3075 306 3084 —
322 3046 468 3114 dicacitas]
482 3047 613 3100 vorlautes
623 3046 726 3102 Wesen.
781 3047 878 3102 Niohts
896 3046 1084 3110 nahastahand,
1104 3046 1151 3099 wia
1165 3045 1212 3098 das
1225 3044 1287 3112 fclg.
1303 3061 1370 3112 quo·

136 3133 230 3200 Quint.
249 3135 275 3202 Ι,
295 3137 325 3202 2,
350 3138 380 3190 7:
406 3134 590 3203 „Gaudamus,
616 3136 639 3189 si
664 3136 726 3206 quid
781 3143 826 3192 tas
840 3138 953 3206 quisque
968 3137 1026 3189 dem
1040 3134 1179 3189 Niemand.
1208 3134 1256 3187 Die
1270 3133 1370 3201 Steige-

138 3224 262 3278 licentius
286 3225 400 3278 dixerint
422 3226 549 3291 (libari)“.
574 3254 611 3264 -·
635 3225 726 3294 11111111-
781 3243 850 3294 rung
867 3226 934 3294 liegt
952 3225 1041 3278 darin:
1066 3225 1179 3277 zuhause
1197 3223 1235 3277 iat
1252 3222 1294 3276 die
1312 3225 1370 3290 tig-

137 3312 238 3366 ‹ieotia
251 3314 363 3381 irrepit]
382 3314 429 3367 wie
443 3313 510 3368 Plin.
523 3313 571 3385 Ep.
580 3314 628 3379 III,
639 3315 682 3380 20,
696 3316 726 3369 8:
780 3314 848 3368 liche
870 3313 1069 3382 Untarhaltung
1090 3313 1198 3366 1111111111
1217 3312 1272 3365 und
1290 3311 1369 3364 Faoh·

137 3400 259 3470 „impud
288 3402 417 3471 irrepat“.
451 3431 485 3440 -
516 3402 562 3456 sai
589 3402 727 3471 ottonique
781 3403 917 3474 terspiele;
938 3403 979 3456 die
995 3403 1095 3472 jungen
1108 3401 1244 3456 Herrchan
1257 3401 1369 3468 bringam

135 3490 321 3559 contemptas]
347 3491 445 3557 „haine
463 3490 590 3558 Achtung
606 3508 652 3544 vor
670 3491 726 3544 sich
781 3492 852 3546 disse
866 3489 1051 3560 Gagenstiindo
1070 3492 1115 3545 des
1135 3489 1282 3561 Gesprtchs
1301 3490 1368 3543 auch

136 3579 224 3632 salbst
241 3580 308 3633 noch
326 3596 373 3633 vor
390 3580 511 3634 andern“
530 3580 653 3647 (framder
666 3581 726 3633 Par·
780 3581 808 3635 in
837 3581 879 3634 die
905 3580 1000 3634 Sohula
1027 3581 1093 3646 mit,
1126 3580 1181 3633 und
1208 3578 1369 3633 achliefalich

136 3667 314 3733 sdnlichkeit).
350 3670 438 3722 aliani
458 3670 496 3723 ist
514 3669 580 3722 nach
599 3668 726 3737 Analogia
781 3669 870 3722 richen
889 3669 973 3723 salbst
991 3669 1032 3723 dia
1050 3669 1147 3722 Lahrer
1165 3668 1252 3722 solche
1272 3668 1298 3720 in
1318 3667 1369 3721 den

135 3757 184 3810 des
199 3774 284 3827 urspr.
299 3758 435 3812 neutralan
450 3757 515 3813 Gan.
531 3758 577 3812 dos
591 3758 726 3812 Personal-
780 3758 856 3812 Kseis
874 3758 946 3811 ihrer
964 3758 1101 3826 Vortriga.

138 3861 280 3916 pronomen
298 3848 450 3914 gebraucht.
816 3846 1098 3913 adolescentulorum]
1108 3846 1371 3900 mttironischarBa·

170 3951 261 4002 pecca
279 3935 312 3988 in
329 3936 420 4004 atero]
445 3953 465 3990 1.
485 3935 560 4004 obiga
578 3935 659 3990 Stella
678 3953 725 3989 ans
780 3940 889 4004 tonung,
904 3936 1029 3990 wiaAnn.
1044 3935 1119 4003 XIII,
1136 3936 1182 3989 12:
1197 3935 1369 4002 ‚,adulescan·

134 4023 354 4088 0111111111
374 4026 398 4078 1.
780 4026 845 4079 tulis
864 4025 995 4078 decoris“.
1343 4034 1347 4044 '

178 4125 217 4167 ro.
242 4113 417 4168 histriormlis
440 4113 532 4182 favor]
557 4115 655 4182 Wagen
679 4114 725 4168 das
815 4130 866 4168 occ
946 4114 1066 4182 quidam]
1087 4139 1119 4156 =
1139 4129 1172 4168 ao
1190 4129 1225 4166 oe
1303 4128 1349 4181 qa.

138 4200 198 4268 Adj.
219 4219 239 4256 a.
260 4202 307 4267 26,
331 4203 356 4256 8.
399 4203 450 4256 Zur
472 4202 554 4256 Socha
578 4204 630 4271 vgl.
655 4202 723 4257 Ann.

137 4289 214 4356 XIII,
233 4290 281 4343 25:
305 4291 452 4357 „ludicram
472 4308 574 4361 quoque
591 4291 724 4345 licentiam
815 4291 894 4359 Kap.
918 4291 968 4346 80.
1011 4291 1185 4359 iacentium]
1211 4291 1246 4344 im
1269 4290 1302 4344 D.
1326 4289 1369 4344 ain

133 4381 166 4430 et
184 4378 300 4432 fautores
314 4378 472 4434 histrionum
489 4381 564 4434 velut
580 4381 607 4434 in
626 4380 725 4450 proclia
779 4379 963 4434 Abstralrtum.
988 4409 1021 4420 -
1045 4381 1117 4435 satis
1134 4394 1232 4449 opaca
1250 4378 1369 4434 insumi-
