3098 4862
472 365 475 373 '
524 354 644 424 dialogus
662 352 694 407 de
712 353 869 407 oratoribus.
906 369 928 408 c.
947 353 1026 408 6-8.
1354 343 1389 406 ’27

160 517 193 582 et
216 516 401 580 consulatus
417 515 587 580 ascendere
603 515 721 592 videor,
745 516 816 579 tum
839 513 956 578 habere
973 512 1066 595 quod,
1090 513 1117 578 si
1139 532 1204 578 non
1226 512 1260 576 in
1284 511 1390 592 aliquo

160 623 270 700 oritur,
293 641 352 688 nec
367 621 517 687 codicillis
540 622 636 686 datur
658 640 716 686 nec
740 640 813 686 cum
829 620 932 702 gratia
955 620 1051 684 venit
1090 617 1197 697 Quid?
1235 617 1336 682 Fama
1358 617 1392 680 et
1405 634 1435 677 to

161 730 233 794 laus
261 731 352 794 cuius
381 729 460 794 artis
488 748 561 794 eum
589 730 751 793 oratorum
775 727 876 808 gloria
899 725 1111 810 comparanda
1134 727 1207 790 est?
1252 723 1391 803 Quinam

160 837 360 900 inlustriores
384 835 516 899 suntin
539 835 618 900 urbe
641 853 705 898 non
728 835 832 898 solum
855 832 939 916 apud
963 833 1145 915 negotiosos
1168 833 1202 896 et
1225 831 1321 896 rebus
1343 830 1392 893 in-

160 945 281 1020 tentos,
311 943 366 1008 sed
393 943 493 1007 etiam
520 941 604 1025 apud
628 943 758 1007 invenes
778 942 816 1006 et
839 940 1073 1017 adulescentes,
1103 938 1220 1021 quibus
1242 937 1335 1002 modo
1359 937 1392 1001 et

160 1050 249 1114 recta
271 1049 392 1114 indoles
416 1051 466 1114 est
489 1051 523 1114 et
538 1049 620 1114 bona
636 1067 708 1132 spes
725 1049 798 1112 sni?
833 1047 978 1127 Quorum
992 1047 1123 1111 nomina
1137 1046 1226 1129 prius
1241 1045 1391 1128 parentes

160 1157 268 1222 liberis
292 1157 359 1220 sais
381 1156 556 1238 ingerunt?
595 1154 682 1235 Quos
710 1155 837 1238 saepius
861 1155 977 1237 vulgus
1002 1172 1127 1238 quoqne
1151 1152 1336 1235 imperitum
1360 1151 1393 1214 et
1406 1169 1435 1210 ιι

158 1263 323 1327 tunicatus
347 1262 399 1328 hio
421 1264 558 1347 populus
581 1265 787 1328 transeuntes
809 1262 937 1326 nomine
960 1262 1054 1326 vocat
1082 1263 1115 1325 et
1142 1259 1240 1342 digIto
1263 1258 1394 1322 demon·

160 1372 263 1434 strat?
298 1369 447 1434 Adranae
472 1387 597 1452 quoque
622 1372 656 1434 et
677 1369 836 1452 peregrini
858 1369 925 1432 iam
946 1368 980 1432 in
1002 1366 1184 1449 municipiis
1208 1366 1241 1430 et
1264 1364 1393 1429 coloniis

159 1477 227 1541 suis
251 1475 390 1554 auditos,
421 1477 659 1560 cumprimum
681 1476 794 1541 urbem
817 1474 1012 1557 attigerunt,
1040 1473 1211 1556 requirunt
1239 1491 1276 1536 ac
1303 1471 1394 1536 velut

161 1583 353 1665 adgnoscere
377 1581 614 1666 concupiscunt.

250 1690 385 1766 „Ausim
400 1691 590 1756 contendere
606 1689 795 1755 Marcellum
811 1689 898 1753 hunc
913 1687 1056 1771 Eprium,
1080 1686 1119 1751 de
1144 1704 1207 1768 quo
1230 1684 1325 1750 modo
1347 1684 1424 1752 lo-8

160 1798 255 1861 cutus
279 1815 360 1872 sum,
385 1797 417 1861 et
433 1796 583 1879 Crispum
597 1796 730 1861 Vibium
748 1795 912 1880 (libentius
937 1794 1022 1859 enim
1043 1793 1133 1858 novis
1157 1794 1190 1857 at
1212 1791 1393 1857 recentibus

162 2016 178 2043 „
186 1974 349 2044 dabaturque
381 1974 543 2045 principibus
580 1974 707 2028 disserere
715 1974 747 2040 “3
800 1972 840 2039 11,
859 1974 902 2028 77.
928 2001 963 2011 —-
987 1970 1058 2025 Dial.
1078 1971 1126 2036 19,
1144 1971 1176 2024 8:
1202 1967 1336 2040 „populus
1360 1969 1394 2021 ut

162 2064 211 2118 60:
231 2062 388 2130 ‚,defendera
406 2063 545 2118 duratum&
576 2063 637 2132 Vgl.
657 2063 747 2131 „venio
800 2061 938 2132 imperitus
965 2064 994 2114 et
1020 2059 1125 2114 rudis“.
1168 2057 1281 2127 (iugens.
1305 2057 1390 2123 docti,

160 2152 264 2206 visere“
283 2169 309 2206 ιι.
329 2157 352 2207 d.
801 2151 843 2204 die
861 2149 1025 2205 Gebildetan.
1044 2179 1079 2188 —
1097 2148 1145 2202 Bei
1158 2146 1211 2203 cic.
1229 2146 1313 2201 findet
1331 2146 1388 2200 sich

196 2242 228 2294 in
252 2241 359 2310 aliquo]
383 2241 418 2295 im
437 2241 534 2295 Innem
549 2240 694 2310 jemandas.
714 2270 748 2280 -
802 2239 1249 2308 mehriachculpreaimperitorum.
1264 2267 1299 2276 —
1313 2237 1390 2290 turci·

160 2329 236 2384 Naeh
250 2331 343 2384 ordirer
356 2347 410 2398 arg.
425 2334 506 2386 elwa:
526 2331 591 2398 „nie
606 2331 661 2384 sein
675 2331 750 2399 sigen
803 2329 895 2396 catus]
922 2329 981 2395 „im
1006 2327 1225 2393 Arbaitslrittal“,
1252 2326 1299 2380 das
1324 2341 1395 2379 arma

161 2419 241 2486 wird3
261 2419 329 2473 donn
345 2420 409 2474 ...“.
428 2447 462 2458 -
481 2419 556 2473 Statt
570 2419 659 2474 datur
672 2420 750 2473 sollte
803 2418 879 2472 Volk.
915 2418 980 2472 Hor.
999 2416 1047 2488 up.
1066 2415 1088 2483 1,
1109 2416 1133 2482 7,
1153 2416 1202 2471 65:
1228 2415 1312 2483 „vilia
1335 2431 1395 2469 ven-

161 2525 222 2562 man
241 2511 369 2562 erwartan
386 2507 547 2562 maordutwr.
805 2507 910 2560 dantem
935 2507 1054 2560 tunicato
1082 2507 1172 2558 scruta
1199 2504 1333 2575 popello“.
1359 2531 1394 2544 ·-

204 2609 241 2652 ιο.
274 2613 337 2652 mun
361 2597 459 2666 pratia
485 2596 573 2666 uenit]
605 2621 640 2642 ==
666 2613 751 2652 cornea
805 2595 896 2665 dipito
921 2595 1108 2649 commatrem
1125 2596 1200 2662 (geu.
1218 2591 1394 2660 menstruum]

159 2687 272 2755 pratiac
297 2691 349 2752 cat,
377 2686 434 2752 „im
459 2683 567 2754 Gaiolga
591 2685 638 2739 der
663 2684 752 2740 Gunst
805 2685 872 2738 auch
891 2684 943 2740 Cic.
958 2684 991 2738 da
1004 2701 1041 2739 cr.
1061 2684 1096 2749 Il,
1110 2684 1175 2738 266:
1196 2682 1395 2750 „demonstravi

162 2775 292 2829 lrommt“.
313 2805 346 2814 -
370 2775 408 2828 Za
425 2775 517 2830 cerain
535 2775 587 2843 vgl.
606 2773 674 2828 Ann.
693 2773 751 2842 XV,
805 2774 889 2843 digito
911 2775 1013 2845 pictum
1037 2772 1174 2828 Gallum“.
1199 2808 1236 2816 -
1260 2771 1395 2825 Adamas

163 2864 214 2918 53:
233 2864 395 2933 „atquibus
414 2863 543 2918 claritudo
562 2864 665 2918 venit“.
806 2869 833 2917 ct
847 2863 1001 2934 percpriraa]
1026 2862 1135 2917 menda
1159 2861 1214 2915 und
1232 2859 1394 2926 Aualindar3

200 2952 294 3006 Fama
374 2954 436 3008 laus
502 2953 606 3022 plocio]
624 2953 752 3022 Hiiuiung
805 2953 873 3006 auch
904 2953 947 3007 bei
974 2952 1063 3008 Cicero
1091 2951 1172 3005 ditans
1204 2965 1396 3017 zusammenge-

163 3057 319 3110 synonyrner
335 3041 426 3110 Bega,
452 3043 499 3095 wis
520 3043 549 3096 in
567 3059 675 3096 unserer
693 3043 752 3096 reli·
806 3042 890 3097 stallt.
905 3072 940 3082 —
955 3040 1084 3107 auditus]
1100 3039 1259 3093 dichterisch
1273 3063 1308 3082 =
1324 3053 1395 3104 „von

163 3129 254 3198 giiisen
272 3131 361 3184 Possis
386 3131 474 3197 ‚‚Lob,
498 3130 559 3183 Ehr¹
583 3131 637 3184 und
656 3131 750 3184 Preis“
806 3131 865 3184 dem
889 3146 949 3183 man
967 3129 1062 3198 gehdrt
1085 3128 1164 3182 hat“.
1189 3157 1225 3166 -
1247 3127 1307 3195 Vgl.
1327 3125 1395 3180 Plin.

164 3219 313 3272 verbunden
327 3219 393 3274 siud.
414 3249 448 3260 —-
466 3219 526 3288 Vgl.
541 3220 638 3273 ierner:
654 3236 753 3288 „nego-
806 3219 853 3290 Ep.
872 3219 931 3285 VII,
951 3219 993 3285 19,
1013 3219 1044 3273 ἵε
1070 3217 1202 3284 ‚‚faminae
1221 3233 1287 3286 quae
1305 3215 1396 3284 legun-

163 3308 247 3361 tiosos
274 3311 303 3361 at
329 3309 407 3362 rebus
434 3308 566 3375 intentos,
594 3309 699 3362 iuvenes
724 3311 753 3362 et
807 3308 883 3362 tur“.
899 3337 933 3347 -
947 3307 1022 3362 uelut
1036 3306 1212 3376 adpaoacerc]
1231 3305 1296 3359 Jene
1310 3303 1396 3358 hom·

163 3396 353 3464 adulescentes,
367 3397 462 3466 vulgus
476 3397 626 3468 imperitum
641 3401 669 3451 at
683 3397 752 3450 tum·
807 3397 857 3451 dan
871 3397 1001 3452 erkennsn
1016 3395 1066 3449 don
1080 3395 1159 3449 ihnen
1170 3394 1252 3448 durch
1262 3393 1396 3448 Beschrei·

164 3488 241 3538 catus
254 3485 374 3556 populns,
393 3487 514 3553 advenae,
534 3487 684 3556 peregrini“
701 3489 751 3541 etc.
807 3487 913 3555 bnngon
935 3487 1084 3540 bekannten
1102 3483 1219 3549 Redner‚
1243 3483 1335 3537 sobald
1358 3482 1396 3535 sie

200 3575 312 3630 iuuenes
330 3581 356 3629 ct
374 3575 572 3642 adulescentes]
591 3576 627 3629 im
640 3573 752 3644 (legens.
807 3576 862 3630 ihm
875 3576 903 3629 in
917 3574 984 3630 Rom
997 3575 1140 3642 bagagnon
1159 3572 1302 3641 gleichsam
1321 3571 1396 3638 „wie

165 3679 199 3716 au
217 3663 307 3730 denen,
326 3664 422 3718 walone
435 3665 533 3718 borsits
547 3664 632 3717 ainem
645 3667 752 3718 ernsten
808 3665 883 3719 der“.
920 3664 980 3732 Vgl.
999 3665 1030 3728 3,
1049 3664 1067 3717 9
1085 3680 1111 3716 u.
1132 3662 1165 3717 17
1185 3678 1207 3715 a.
1227 3660 1272 3714 a:
1298 3676 1396 3726 ‚,aures

164 3751 259 3806 Bcruia
284 3752 409 3821 obliegen.
455 3752 521 3808 Ovid
547 3770 578 3806 ex
602 3754 680 3807 Pout
706 3753 752 3820 IV,
807 3753 995 3822 adgnoscens“.
1019 3751 1110 3816 Quint.
1124 3750 1171 3816 vl,
1187 3751 1211 3816 6,
1227 3750 1274 3804 16:
1291 3765 1396 3815 „mores

166 3841 214 3907 16,
238 3843 287 3896 39:
312 3845 423 3908 „essent
447 3845 475 3896 et
498 3843 618 3909 iuvenes,
642 3859 753 3912 quorum
807 3841 919 3896 dicentis
937 3857 968 3894 ex
987 3840 1103 3894 oratione
1121 3838 1269 3909 pelluueant
1287 3841 1315 3892 et
1333 3853 1392 3907 quo

165 3930 236 4000 quod
254 3930 354 3984 inedita
376 3935 515 3996 comest,
538 3931 753 4002 adpellandorum
808 3930 944 3985 dammodo
964 3928 1188 3997 adgnoscentem.

165 4019 204 4073 nil
218 4020 283 4074 mihi
296 4020 362 4073 iuris
375 4020 482 4074 adest“.
501 4049 538 4060 —
555 4020 659 4089 opero]
680 4021 754 4085 „oin-

164 4113 273 4179 prigem
287 4110 474 4177 beibringsn“;
489 4110 559 4163 sunl.
570 4110 642 4163 Hist.
653 4109 697 4176 IV,
706 4111 753 4164 78:
844 4107 921 4176 nep.
942 4108 970 4162 8.
1013 4105 1111 4159 Vibius
1128 4103 1253 4174 Orispua]
1272 4119 1319 4156 aus
1333 4101 1396 4154 Var-

167 4215 249 4266 „vera
273 4201 363 4262 arant,
389 4202 418 4252 st
440 4215 456 4252 a
479 4199 541 4252 trib.
565 4199 754 4269 praefectisque
807 4197 874 4251 calli
890 4197 927 4250 im
946 4195 1115 4261 diesseitigen
1134 4191 1252 4258 Gallioni,
1272 4190 1396 4244 borlihmt

164 4287 256 4340 eadam
274 4287 490 4357 ingerebantur“.
808 4288 848 4340 als
875 4285 993 4350 Rodum,
1027 4282 1177 4350 berichtigt
1207 4281 1247 4334 als
1274 4279 1397 4348 Angabsr

206 4387 245 4430 ru.
272 4377 372 4446 culpus
396 4375 565 4446 imperitum]
594 4375 660 4429 auch
685 4375 753 4430 Ann.
808 4378 887 4429 anter
900 4374 978 4441 Nero,
997 4388 1051 4426 war
1068 4387 1112 4424 um
1131 4372 1163 4426 61
1180 4388 1204 4426 n.
1221 4369 1281 4424 Chr.
1295 4368 1397 4423 Konsnl
