3092 4878
169 355 204 415 lt
676 357 788 412 Cornelii
806 356 889 410 Taciti

170 520 289 583 artium
313 519 503 584 varietatem
533 519 806 601 complecteretur.
851 519 966 600 Itaque
996 502 1103 583 hercle
1134 517 1167 580 in
1196 516 1285 581 libris
1310 515 1403 581 Cice-

169 627 253 690 ronis
271 625 504 708 deprehendere
527 625 612 702 licet,
636 644 699 689 non
723 625 923 707 geometriae,
946 645 1010 690 non
1033 624 1182 703 musicae,
1205 643 1269 687 non
1293 642 1404 706 gram-

126 727 321 808 aomaticae',
350 751 413 795 non
437 731 572 813 denique
597 731 694 795 ullius
719 732 797 796 artis
821 732 978 814 ingenuae
1003 731 1168 797 scientiam
1192 731 1221 796 ei
1248 729 1402 795 defuisse.

169 839 228 903 llle
260 839 443 904 dialecticae
475 839 703 915 subtilitatem,
733 839 786 902 ille
816 839 945 903 moralis
980 839 1081 922 partis
1117 838 1308 915 utilitatem,
1344 838 1402 900 ille

171 965 277 1010 rerum
307 947 413 1010 metus
445 963 622 1026 causasque
653 947 850 1026 cognoverat.
902 945 954 1010 Ita
984 947 1034 1010 est
1064 946 1163 1022 enim,
1196 944 1307 1027 optimi
1331 943 1403 1022 viri,

169 1053 232 1115 ita:
265 1071 301 1116 ex
331 1053 435 1115 multa
464 1052 640 1116 eruditione
672 1053 704 1115 et
732 1051 879 1133 plurimis
910 1052 1031 1116 artibus
1060 1052 1092 1114 et
1120 1051 1262 1116 omnium
1290 1069 1403 1115 rerum

170 1159 302 1223 scientia
333 1159 472 1223 exundat
505 1161 537 1222 et
567 1159 719 1222 exuberat
749 1158 804 1222 illa
835 1158 1030 1222 admirabilis
1062 1157 1258 1239 eloquentia;
1294 1174 1401 1237 neque

117 1281 149 1324 ao
170 1266 321 1330 orationis
345 1266 392 1330 vie
416 1266 449 1329 et
471 1264 624 1341 facultas,
649 1266 731 1330 sicut
755 1267 933 1329 ceterarum
956 1283 1081 1341 rerum,
1103 1263 1248 1345 angustis
1272 1265 1305 1327 et
1327 1263 1403 1327 bre·

169 1373 260 1437 vibus
284 1371 428 1436 terminis
454 1372 602 1446 cluditur,
627 1372 681 1435 sed
705 1372 732 1435 is
756 1373 805 1436 est
829 1374 943 1450 orator,
967 1371 1084 1454 quide
1108 1371 1192 1435 omni
1213 1371 1402 1452 quaestione

168 1478 300 1561 pulchre
325 1480 358 1542 et
381 1479 490 1542 ornate
515 1479 548 1543 et
571 1478 610 1542 ad
634 1478 891 1561 persuadendum
921 1480 994 1561 apte
1022 1478 1125 1542 dicere
1154 1497 1211 1560 pro
1243 1477 1401 1558 dignitate

168 1604 285 1662 rerum,
305 1585 349 1648 ad
371 1585 545 1649 utilitatem
570 1588 759 1668 temporum,
784 1605 857 1650 cum
880 1586 1044 1669 voluptate
1067 1585 1266 1650 audientium
1288 1584 1400 1667 possit.

116 1691 157 1753 31
257 1691 326 1756 Hoc
351 1692 410 1756 sihi
433 1692 480 1755 illi
497 1694 620 1756 veteres
644 1694 880 1775 persuaserant,
904 1693 1026 1758 adhoc
1050 1691 1251 1756 efficiendum
1274 1691 1402 1755 intelle·

169 1800 286 1879 gehant
309 1817 388 1881 opus
413 1817 491 1876 esse,
513 1818 577 1863 non
600 1801 638 1862 ut
660 1800 693 1862 in
717 1800 884 1864 rhetorum
908 1800 1022 1864 scholis
1039 1798 1263 1875 declamarent,
1287 1815 1346 1862 nec
1361 1799 1401 1862 ut

168 1905 251 1969 fictis
274 1925 332 1970 neo
356 1905 421 1969 ullo
446 1906 539 1970 modo
572 1905 611 1970 ad
635 1906 805 1970 veritatem
836 1906 1058 1970 accedentibus
1088 1904 1309 1971 controversiis
1338 1904 1401 1967 lin-

169 2029 266 2093 guam
290 2011 383 2075 modo
405 2013 568 2076 atrocem
592 2014 782 2088 exercerent,
806 2012 861 2076 sed
885 2015 921 2076 ut
944 2013 982 2076 iis
1007 2012 1128 2077 artibus
1152 2013 1263 2095 pectus
1287 2011 1401 2093 imple-

145 2119 250 2195 arent,
273 2117 306 2181 in
331 2117 445 2199 quibus
470 2117 507 2181 de
532 2119 621 2182 honis
645 2136 682 2182 ac
704 2119 812 2192 malie,
842 2119 879 2182 de
903 2119 1035 2183 honesto
1061 2121 1093 2183 et
1116 2118 1219 2200 turpi,
1249 2117 1287 2182 de
1312 2117 1397 2180 iusto

208 2411 248 2454 aa.
274 2400 446 2468 dialecticae]
471 2400 520 2453 Die
544 2400 599 2454 drei
622 2399 757 2470 Hauptge-
811 2401 877 2455 auch
896 2399 982 2456 Germ.
1003 2402 1033 2456 (ὃς
1060 2417 1141 2469 „ang
1167 2403 1195 2454 et
1218 2401 1290 2454 brevi
1314 2399 1398 2454 fiuc“.

169 2489 239 2542 hiete
254 2489 300 2542 der
314 2490 386 2543 alten
400 2490 580 2560 Philosophia:
599 2489 755 2556 Denlrlehre,
810 2490 878 2544 Plin.
897 2491 944 2561 Ep.
963 2491 1003 2558 ΙΙ,
1024 2491 1052 2557 7,
1071 2491 1103 2544 4:
1129 2491 1205 2556 „vita
1227 2489 1283 2543 eius
1306 2490 1345 2543 br.
1371 2491 1401 2542 at

170 2577 337 2646 Sittenlehre,
357 2578 528 2646 Naturlehre;
549 2579 600 2633 Cic.
621 2579 652 2632 de
671 2579 715 2633 fin.
735 2578 756 2646 I,
811 2580 896 2648 ang.“.
923 2611 957 2618 —
983 2578 1102 2648 cludere]
1127 2579 1174 2632 wie
1194 2577 1281 2632 Germ.
1300 2578 1343 2632 34.
1362 2576 1400 2631 45

169 2668 218 2722 49:
243 2683 317 2734 „una
335 2685 396 2738 pars
414 2670 457 2721 ost
474 2671 593 2733 naturae,
613 2667 757 2722 disserendi
810 2669 884 2735 (his);
899 2686 950 2722 nur
963 2669 997 2722 43
1013 2667 1183 2734 „claudunt“.
1198 2697 1232 2707 -
1253 2665 1341 2735 Gcgen
1356 2666 1401 2720 die

170 2756 261 2823 altera,
281 2756 383 2810 vivendi
402 2757 518 2822 tertia“;
543 2755 632 2820 Quint.
652 2756 711 2822 XII,
731 2758 756 2822 2,
810 2756 1163 2826 einseitigeBeechrltnlrung
1177 2755 1300 2820 derBer.,
1314 2772 1399 2824 gagen

170 2846 204 2900 10
218 2845 325 2899 ordnet:
341 2846 517 2913 „naturalem
532 2845 664 2911 moralem,
678 2845 758 2899 ratio-
811 2845 861 2898 den
885 2845 1140 2912 „Advol‹atenstil“,
1164 2845 1241 2898 eifert
1264 2844 1316 2898 Cic.
1340 2843 1401 2898 wie-

169 2934 254 2987 nalem
273 2934 426 3004 (partem)“.
451 2963 484 2972 —
509 2934 552 2988 ita
571 2939 610 2988 cet
629 2933 713 3001 caim,
732 2949 756 2987 a
811 2933 922 3000 dorhclt,
945 2934 1032 2988 indem
1051 2951 1080 2987 er
1097 2934 1139 2987 sdr
1157 2934 1206 2987 den
1225 2934 1256 2987 R.
1277 2934 1333 2986 eine
1352 2933 1401 2988 der

168 3039 200 3090 a,
215 3023 268 3089 tta]
282 3023 446 3076 Damitholt
459 3023 538 3078 Mese.
553 3022 695 3091 gleichsam
709 3039 757 3076 aus
811 3023 1002 3077 dichterischen
1030 3023 1179 3076 rerwandte
1206 3022 1321 3076 Freiheit
1352 3021 1401 3076 der

170 3127 202 3164 au
221 3111 267 3164 der
286 3112 347 3180 tolg.
367 3111 653 3166 zusammenlassenden
667 3111 757 3164 Erlla-
811 3112 959 3181 Bewegung
981 3111 1165 3182 beansprucht.
1193 3140 1227 3149 -
1251 3111 1298 3166 eod
1317 3111 1341 3165 is
1359 3116 1400 3166 est

169 3217 245 3268 rung.
266 3231 299 3239 --
324 3201 374 3254 Die
392 3201 524 3269 gehobene
543 3201 693 3269 Stimmung
712 3200 757 3255 dee
810 3207 906 3257 orator
925 3202 987 3270 etc]
1006 3201 1065 3270 Vgl.
1081 3201 1132 3256 Cic.
1148 3201 1180 3253 de
1194 3217 1230 3254 or.
1246 3201 1268 3266 I,
1283 3201 1332 3254 64:
1352 3199 1400 3266 „is

169 3289 310 3343 Redenden
325 3290 363 3343 ist
376 3291 443 3343 auch
457 3290 539 3343 durch
555 3289 596 3342 die
610 3289 757 3343 mehrtache
811 3294 899 3344 orator
917 3291 983 3358 erit,
1072 3290 1130 3360 qui,
1156 3306 1331 3360 quaecumque
1355 3305 1398 3342 res

170 3376 301 3448 Anapher,
320 3378 362 3431 dle
380 3379 521 3447 gehttulten
538 3378 684 3447 Synonyma
703 3377 756 3431 und
810 3380 947 3447 inciderit,
967 3396 1032 3450 quae
1051 3380 1088 3433 sit
1106 3379 1219 3433 dictione
1237 3378 1399 3448 explicanda,

170 3465 252 3518 durch
272 3466 313 3519 die
331 3466 425 3536 Interj.
444 3467 531 3521 horale
550 3466 608 3533 (wie
626 3465 692 3536 Kep.
712 3467 757 3531 26)
811 3469 955 3539 prudenter
979 3471 1007 3522 et
1031 3468 1172 3538 composite
1199 3471 1228 3521 et
1252 3470 1343 3521 ornate
1371 3470 1399 3520 et

170 3554 337 3608 anschaulich
360 3555 489 3624 gemacht.
811 3558 962 3612 memoriter
985 3557 1056 3610 dicet
1079 3574 1137 3610 cum
1157 3556 1268 3627 quadam
1287 3555 1400 3610 actionis

205 3653 327 3708 caratam
345 3669 398 3707 rer.
418 3653 535 3709 scicntia
554 3651 616 3721 etc]
641 3652 758 3705 erinnert
811 3647 890 3702 etiam
910 3646 1071 3715 dignitate“.

170 3758 203 3794 an
227 3740 279 3796 Cic.
300 3741 331 3795 de
350 3758 387 3796 or.
406 3743 433 3809 I,
457 3743 505 3797 20:
532 3741 604 3808 „nisi
629 3741 680 3795 erit
705 3757 757 3794 om·

170 3830 242 3883 nium
266 3847 353 3885 rerum
377 3847 531 3898 magnarum
556 3833 635 3900 atque
659 3829 757 3884 artium
847 3831 924 3901 Καρ.
940 3832 992 3888 31.
1027 3850 1096 3902 opas
1110 3850 1172 3900 cecc,
1187 3833 1230 3902 at]
1245 3832 1329 3886 findet
1342 3832 1398 3886 siah

170 3918 306 3974 scientiam
331 3924 493 3974 consecutus.
535 3919 639 3973 Etenim
664 3935 695 3972 ex
719 3935 758 3973 re
810 3940 862 3976 nur
880 3923 945 3976 noch
965 3922 1007 3976 bei
1024 3923 1144 3977 Plautus.
1171 3953 1203 3961 —
1225 3928 1324 3991 pectas
1346 3922 1398 3976 tm-

170 4023 228 4061 rum
247 4009 395 4076 cognitione
414 4009 559 4062 efflorescat
583 4011 610 4062 et
628 4007 757 4062 redundet
806 4010 926 4080 piarent]
942 4011 1001 4078 Vgl.
1016 4009 1068 4066 Cic.
1080 4011 1111 4065 de
1126 4028 1162 4065 or.
1177 4011 1225 4078 111,
1237 4012 1301 4066 121:
1317 4027 1399 4078 „one-

170 4100 275 4167 oportet
293 4097 407 4152 orati0“.
811 4099 921 4154 randum
932 4100 1164 4170 complendumque
1173 4102 1265 4171 pectus
1276 4099 1398 4153 maxima·

208 4205 249 4248 aa.
268 4195 310 4249 aie
328 4200 354 4249 et
370 4194 506 4264 facultas]
526 4211 546 4249 s.
562 4194 613 4250 Cic.
633 4195 665 4249 do
684 4212 720 4249 or.
735 4195 756 4263 1,
811 4205 868 4242 rum
888 4205 973 4243 rerum
993 4192 1021 4243 et
1033 4189 1203 4260 plurimarum
1219 4189 1379 4243 suavitate&

171 4283 237 4338 142:
263 4284 368 4350 „omnis
392 4286 504 4339 oratorie
522 4284 561 4338 vie
580 4301 611 4338 ac
628 4285 702 4339 sac.“.
723 4313 757 4323 —
849 4299 871 4340 a.
892 4287 926 4340 cte
945 4287 1022 4342 hortis
1040 4303 1074 4341 ac
1092 4288 1174 4342 matis
1192 4289 1253 4355 ctu}
1276 4287 1399 4340 Dieeelbe

170 4374 297 4442 angustie
315 4378 342 4428 ct
360 4375 495 4441 breuibus]
515 4373 595 4427 Beide
610 4373 758 4442 synonyma
811 4374 987 4444 Aulzthlung,
1003 4377 1050 4430 wie
1064 4377 1104 4430 bei
1119 4375 1177 4430 Seu.
1193 4376 1240 4447 Ep.
1256 4376 1298 4443 95,
1309 4377 1352 4431 68.
1362 4405 1399 4414 -
