3092 4878
130 299 167 362 80
638 297 751 353 Cornelii
769 297 853 352 Taciti

131 461 280 546 propriis,
311 462 403 526 aliter
433 460 656 536 commodatis,
685 460 842 541 longeque
872 459 1026 523 interesse
1056 458 1264 523 manifestum
1299 463 1362 539 est,

131 569 293 652 possideat
317 569 388 651 quis
413 585 494 649 quae
517 565 637 649 profert
661 584 701 629 an
724 566 901 630 mutuetur.
946 564 1068 629 Deinde
1091 565 1161 647 ipsa
1183 566 1365 632 multarum

108 676 252 740 curtium
276 675 408 740 scientia
432 673 530 738 etiam
554 671 639 736 aliud
665 674 795 754 agentes
820 689 876 736 nos
900 673 1006 749 ornat,
1031 673 1127 753 atque
1150 673 1205 737 ubi
1228 673 1362 740 minime

133 782 259 858 medae,
287 781 405 845 eminet
429 782 461 845 et
491 779 624 845 excellit.
668 778 769 860 quue
800 797 864 842 non
894 778 1005 842 doetus
1035 778 1128 842 modo
1159 781 1192 842 et
1220 780 1363 862 prudens

133 889 274 966 auditor,
302 888 357 952 sed
381 888 478 952 etiam
501 887 637 970 populus
660 885 818 966 intellegit
849 903 886 950 ac
915 886 1026 949 statim
1055 885 1101 949 ita
1129 886 1224 951 laude
1253 907 1364 970 prose·

134 997 258 1078 quitur,
282 997 319 1059 ut
341 995 483 1076 legitime
508 993 685 1070 studuisse,
711 994 749 1056 ut
771 1010 827 1075 per
850 1009 959 1055 omnes
983 992 1182 1073 eloquentiae
1210 1013 1363 1059 numeros

132 1103 205 1178 isse,
229 1103 266 1165 ut
289 1101 424 1183 denique
449 1102 607 1164 oratorem
630 1117 699 1164 esso
729 1098 886 1173 setectum
919 1117 1014 1180 quem
1044 1117 1107 1163 non
1136 1117 1229 1182 posse
1260 1101 1362 1166 alium

92 1209 267 1274 roexistere
290 1227 349 1272 neo
373 1207 514 1272 extitisse
537 1213 692 1288 umquam
716 1204 881 1282 confirmo,
904 1205 966 1268 nisi
989 1225 1079 1284 eum,
1110 1207 1164 1288 qui
1194 1209 1364 1290 tamquam

133 1317 166 1380 in
190 1316 290 1380 aciem
314 1315 460 1380 omnibus
485 1314 581 1378 armis
605 1314 790 1389 instructus,
814 1312 915 1376 sicin
938 1311 1043 1376 forum
1067 1314 1213 1378 omnibus
1238 1315 1361 1380 artibus

135 1425 277 1487 armatus
302 1423 421 1486 exierit.
467 1419 558 1500 Quod
582 1420 659 1484 adeo
683 1419 864 1502 neglegitur
895 1420 933 1483 ab
961 1419 1076 1483 horum
1105 1421 1286 1503 temporum
1316 1421 1364 1485 di-

135 1530 243 1606 sertis,
274 1530 312 1593 ut
341 1529 374 1592 in
405 1527 581 1592 actionibus
613 1545 722 1590 eorum
751 1526 848 1589 huius
873 1543 998 1607 quoque
1027 1526 1177 1590 cotidiani
1207 1529 1363 1593 sermonis

134 1635 226 1700 foedo
250 1654 287 1700 ao
314 1634 463 1719 pudenda
492 1633 569 1697 vitia
601 1632 894 1716 deprehendantur;
924 1634 962 1696 ut
990 1633 1137 1714 ignorent
1166 1635 1268 1716 leges,
1297 1653 1361 1699 non

94 1745 267 1808 reteneant
289 1745 420 1808 senatus
444 1741 604 1817 consulta,
627 1740 676 1804 ius
701 1739 840 1804 civitatis
863 1740 948 1804 ultro
972 1739 1155 1818 derideant,
1186 1742 1361 1824 sapientiae

52 1863 87 1940 ιιι
134 1869 208 1915 vero
239 1849 383 1913 studium
414 1851 447 1913 et
475 1849 644 1932 praecepta
671 1837 875 1956 prudentidm
903 1846 1031 1929 penitus
1062 1847 1277 1912 reformident.
1322 1850 1362 1914 In

134 2099 275 2151 cretenau.
291 2113 357 2150 ew.
377 2124 412 2133 -
431 2096 508 2164 longa
526 2095 665 2161 interesse]
684 2095 721 2148 ist
775 2093 817 2146 ein
831 2111 861 2147 ae.
876 2093 908 2147 R.
928 2093 991 2148 Zum
1010 2093 1082 2163 Folg.
1099 2095 1151 2163 vgl.
1172 2095 1213 2149 die
1231 2098 1297 2150 oben
1316 2097 1363 2152 cit.

134 2186 201 2239 nach
209 2185 336 2254 Analogia
346 2201 394 2238 von
409 2185 486 2253 ionga
496 2184 587 2238 abacue
595 2183 720 2252 gebildet.
775 2181 857 2235 Stella
881 2198 928 2235 aue
947 2181 1000 2237 Cic.
1024 2183 1056 2237 de
1079 2200 1115 2237 or.
1135 2183 1156 2250 1,
1177 2185 1210 2238 72
1229 2202 1254 2239 u.
1273 2185 1295 2247 I,
1314 2185 1363 2241 20:

169 2274 321 2328 multarum
390 2273 482 2340 macl]
502 2272 539 2326 Zu
559 2273 605 2327 der
622 2289 721 2341 ganzen
777 2287 828 2338 „ac
845 2287 903 2324 mea
921 2270 1025 2341 quidem
1044 2273 1197 2327 sententia“
1217 2277 1267 2328 etc.

134 2362 215 2416 Stelle
234 2363 285 2431 vgl.
305 2361 356 2418 Cic.
377 2362 409 2415 de
427 2379 464 2416 or.
482 2361 504 2430 I,
524 2362 590 2416 264:
616 2362 721 2429 „maius
816 2372 854 2413 lo.
873 2365 1013 2428 tamquam
1031 2361 1062 2414 in
1081 2361 1178 2429 comm]
1201 2361 1237 2416 im
1256 2363 1288 2417 Ι),
1308 2381 1364 2418 ver-

135 2451 258 2522 quiddam
277 2452 408 2520 videbam,
434 2469 493 2505 cum
511 2452 647 2506 censebam
666 2468 722 2505 ora·
775 2449 950 2517 vollsttndige
978 2449 1028 2503 den
1054 2449 1207 2519 Vergleich:
1240 2452 1288 2506 wie
1320 2454 1363 2507 ein

135 2544 218 2596 torem
299 2541 397 2594 nullius
416 2542 562 2596 ornamenti
586 2544 721 2612 expertem
774 2538 892 2607 Krieger,
911 2543 958 2592 der
975 2539 1002 2592 in
1022 2539 1063 2592 dic
1082 2538 1107 2593 S.
1127 2557 1152 2594 u.
1173 2557 1193 2594 s.
1214 2558 1244 2595 ιι.

135 2645 191 2682 oses
210 2627 338 2696 debere“;
356 2629 442 2683 lernen
458 2629 480 2697 Ι,
500 2630 547 2684 72:
572 2630 720 2696 „neminem
812 2626 942 2694 disertus]
956 2643 1020 2695 gew.
1031 2625 1177 2696 Gegensatr
1192 2646 1224 2683 au
1238 2631 1364 2698 abactas

135 2735 192 2771 esec
210 2718 236 2770 in
257 2734 292 2771 or.
312 2734 419 2771 numero
438 2718 586 2772 habendum
605 2719 650 2788 qni
669 2735 721 2772 non
775 2732 800 2769 u.
820 2722 926 2782 maror,
946 2734 967 2769 s.
987 2733 1018 2770 zu
1038 2718 1062 2783 1,
1082 2718 1107 2772 5.
1127 2745 1161 2756 ·-
1180 2717 1254 2772 Auch
1273 2718 1363 2774 Cicero

135 2808 173 2862 sit
186 2807 305 2860 omnibns
319 2806 357 2861 ais
371 2807 473 2859 artibus
487 2823 553 2876 quae
568 2807 721 2860 suntlibero
776 2803 877 2873 spricht
900 2804 1112 2874 geringschdtzig
1135 2822 1186 2860 von
1209 2807 1258 2860 den
1282 2807 1363 2862 Facin-

134 2896 228 2965 dignae
251 2895 409 2966 perpolitus,
438 2895 532 2965 quibus
560 2895 625 2965 ipsis
649 2895 672 2948 si
693 2895 721 2948 in
773 2892 895 2961 juristen.
927 2893 995 2947 Mur.
1011 2895 1058 2949 29:
1078 2894 1225 2963 „videmus,
1243 2897 1289 2966 qui
1307 2914 1363 2952 ora·

135 2984 243 3038 dicendo
257 3001 308 3038 non
322 2984 422 3038 utimur
436 2984 480 3051 (=
498 2984 579 3038 aliud
592 2986 722 3053 agentes),
775 2985 846 3036 tores
870 2982 978 3037 evadere
1004 3000 1057 3037 non
1084 2985 1232 3054 potuerint,
1260 3004 1304 3041 eos
1329 2988 1363 3041 ad

135 3079 223 3127 tamen
242 3077 351 3145 apparet
369 3076 397 3126 et
415 3076 503 3128 exstat
521 3074 566 3140 (=
582 3075 682 3128 emicet
697 3079 721 3128 et
775 3071 840 3126 iuris
864 3071 981 3126 studium
1004 3071 1153 3127 devenire“.
1191 3072 1281 3139 Quint.
1301 3077 1362 3144 XII,

135 3163 255 3231 accedit)
273 3165 363 3216 utrum
383 3163 464 3216 sinim
483 3179 572 3216 corum
590 3163 669 3217 rudes
688 3180 721 3218 an
776 3163 801 3227 3,
821 3162 851 3216 9:
877 3162 1038 3231 „desperata
1062 3162 1188 3216 facultate
1213 3165 1306 3233 agendi
1329 3166 1363 3220 ad

135 3251 331 3306 didicerimus“.
777 3251 927 3306 discendum
937 3252 979 3305 ius
989 3250 1213 3307 declinaverunt“.
1230 3283 1264 3292 -
1277 3255 1362 3310 buius

173 3354 196 3394 o.
214 3341 295 3395 aliud
309 3342 430 3410 agentes]
450 3342 535 3394 libers.
550 3340 722 3408 „ausserbalb
776 3341 914 3396 cotidiani
927 3341 1069 3409 aemonia]
1086 3359 1215 3409 „unserer
1229 3344 1363 3412 taglichen

136 3446 242 3484 unsaros
260 3430 484 3484 Boaulelireises“.
775 3429 1052 3501 Umgangssprache“,
1076 3431 1186 3486 welches
1209 3433 1275 3486 auch
1294 3434 1363 3488 wohl

170 3517 321 3585 studuisse]
335 3517 383 3571 uie
397 3518 440 3584 21,
455 3519 497 3572 30.
518 3547 551 3558 —-
566 3534 620 3586 per
633 3534 722 3573 manes
776 3519 860 3587 oinige
879 3518 1049 3588 Wendnngen
1073 3519 1101 3574 in
1121 3519 1204 3591 Apers
1223 3521 1294 3575 Rede
1319 3541 1364 3578 an·

135 3609 166 3662 el.
185 3622 312 3662 numeros
334 3606 396 3674 iaec]
425 3607 497 3674 „alle
516 3605 608 3660 Stufsn
626 3605 673 3660 der
690 3607 721 3661 Β.
775 3608 896 3677 gehdreu.
921 3607 984 3662 an
998 3607 1095 3662 Ausdr.
1109 3610 1161 3678 vgl.
1176 3610 1229 3666 Cic.
1243 3611 1275 3664 ds
1289 3628 1326 3666 or.
1341 3612 1362 3679 Ι,

136 3695 379 3750 durchschritten“.
424 3695 566 3750 Vielleicht
592 3696 630 3750 ist
656 3695 721 3764 hier,
777 3698 841 3752 108:
862 3696 961 3764 „buius
975 3696 1363 3755 lorenaienostraedictionis“.

135 3785 183 3838 wic
211 3801 239 3838 so
267 3783 322 3852 oft,
350 3785 397 3838 auf
419 3783 461 3838 die
485 3784 652 3854 Ausbildung
676 3785 722 3839 dor
816 3798 855 3840 lo.
883 3792 996 3841 reactus
1023 3787 1158 3854 enuclea]
1191 3789 1287 3842 welche
1315 3788 1364 3844 Ge·

135 3873 263 3928 Athloteu
291 3874 445 3944 angeepielt.
490 3873 549 3941 Vgl.
574 3871 665 3938 Quint.
688 3874 721 3940 X,
776 3875 932 3930 setreskralt
950 3875 1095 3945 erlangten.
1117 3903 1150 3913 -·
1167 3877 1214 3932 iate
1228 3878 1362 3948 civitatis]

135 3961 168 4029 5,
193 3963 240 4017 20:
274 3962 364 4032 „qnod
392 3963 419 4016 in
446 3961 638 4031 gladiatoribus
665 3961 722 4016 fieri
776 3966 847 4017 etatt
868 3964 888 4018 ι’.
913 3964 993 4020 civita
1016 3965 1141 4031 (30,14)
1165 3965 1228 4020 oder
1251 3967 1363 4036 civium,

136 4051 268 4118 videmus,
297 4051 448 4106 decretoriis
474 4051 661 4118 exerceatur“;
691 4068 722 4106 zu
777 4053 846 4119 „das
872 4053 1037 4121 bllrgerliche
1060 4053 1181 4121 Recht“;
1210 4055 1237 4109 in
1265 4055 1362 4110 diesem

136 4140 177 4195 ire
201 4141 252 4209 vgl.
278 4137 399 4194 ebendas.
423 4141 471 4195 21:
498 4157 565 4211 „per
590 4143 661 4194 totas
684 4141 722 4195 ire
776 4141 855 4196 Sinna
873 4143 910 4196 ist
929 4142 974 4196 der
987 4141 1126 4197 Ansdruok
1139 4143 1196 4198 eine
1211 4144 1363 4198 taciteisobe

136 4229 290 4284 materias“.
319 4257 352 4267 -
381 4230 509 4299 denique]
541 4229 613 4296 „mit
639 4230 722 4284 einem
775 4230 971 4285 Besonderheit.
1008 4231 1068 4300 Vgl.
1092 4231 1164 4286 Hiet.
1188 4232 1233 4300 IV,
1252 4233 1283 4287 l:
1310 4233 1364 4300 „de

136 4317 242 4373 Wort“.
263 4347 294 4357 —
315 4318 463 4385 oratorem]
482 4319 533 4373 mit
550 4318 721 4373 Naohdruck:
776 4319 844 4374 bello
863 4319 987 4376 civium“.
