3092 4878
506 383 625 453 dialogus
643 383 675 437 de
693 384 849 438 oratoribus.
885 400 907 438 a
926 383 968 437 41.
988 383 1030 438 42.
1342 379 1379 441 99

122 569 127 586 ·
160 545 188 609 si
218 547 274 609 aut
302 563 357 610 vos
386 546 542 628 prioribus
574 545 708 610 saeonlis
739 547 795 609 aut
824 544 886 622 illi,
920 563 999 626 quos
1029 525 1198 622 miramur,
1232 545 1282 608 his
1310 545 1422 608 nstin

159 653 277 729 essent,
301 670 338 716 ao
360 651 438 717 deus
463 652 578 734 aliquis
601 651 684 715 vitas
708 670 746 716 ao
768 653 913 734 tempora
928 653 1035 715 restra
1057 653 1186 734 repente
1209 653 1377 728 mutasset,

158 775 217 822 neo
247 758 334 822 robis
363 777 489 822 summa
517 759 573 822 illa
601 759 673 822 laus
704 759 736 822 et
765 758 866 840 gloria
899 757 932 820 in
967 757 1148 838 eloquentia
1177 775 1280 839 neque
1313 758 1377 821 illis

158 864 272 929 modus
295 866 328 928 et
350 865 639 947 temperamentum
662 864 831 930 defuisset:
855 883 955 941 nuno,
979 863 1129 946 quoniam
1150 882 1244 929 nemo
1267 863 1378 928 eodem

158 971 299 1054 tempore
335 971 467 1053 adsequi
499 974 606 1054 potest
638 989 789 1054 magnam
823 970 944 1036 famam
978 972 1010 1034 et
1043 989 1192 1052 magnam
1228 971 1377 1053 quietern,

157 1078 238 1142 bono
263 1078 382 1141 saeouli
405 1079 454 1142 sui
477 1078 611 1160 quisque
635 1079 715 1142 eitra
738 1078 1001 1143 obtrectationem
1023 1077 1155 1141 alterius
1178 1079 1316 1141 utatur.“
1388 1093 1420 1136 as

246 1183 386 1248 Finierat
408 1185 590 1263 Maternus,
613 1203 686 1250 eum
709 1185 878 1250 Messalla:
908 1186 1023 1262 „erant
1046 1185 1161 1265 quibus
1191 1185 1301 1249 eontra
1330 1183 1429 1248 di-lz

158 1309 272 1367 serem,
295 1293 388 1354 erant
410 1291 448 1355 de
473 1293 588 1373 quibus
611 1293 704 1375 plura
726 1291 788 1356 diei
811 1291 933 1369 vellem,
955 1291 1017 1354 nisi
1039 1291 1105 1355 iam
1128 1291 1195 1355 dies
1218 1293 1303 1356 esset
1325 1309 1378 1356 er·

158 1399 277 1461 aetus.“
323 1397 435 1474 „Mem
458 1399 564 1479 inquit
586 1397 751 1463 Matemns
775 1399 907 1480 „postea
930 1397 1088 1461 arbitratu
1109 1399 1183 1474 tuo,
1206 1399 1238 1461 et
1261 1398 1289 1460 si
1312 1414 1377 1479 qua

157 1502 216 1567 tibi
239 1503 371 1568 obseura
393 1504 427 1566 in
449 1504 509 1568 hoo
537 1522 607 1568 meo
638 1521 782 1568 sermone
806 1505 874 1568 visa
903 1506 994 1580 sunt,
1015 1487 1063 1568 ,de
1093 1504 1131 1568 iis
1162 1522 1274 1568 rursus
1304 1521 1378 1568 oon-
1480 1571 1482 1579 ,

157 1608 322 1678 feremus,“
367 1612 414 1674 Ao
445 1611 542 1675 simul
572 1611 746 1692 adsurgens
779 1614 812 1675 et
837 1613 960 1693 Aprum
989 1611 1169 1693 complexus
1199 1615 1300 1692 ‚‚ego“
1328 1610 1402 1673 ind

158 1717 227 1798 quit
250 1719 304 1794 „te
327 1718 446 1799 poetis,
469 1716 619 1782 Messalla
647 1720 756 1782 antem
785 1718 973 1799 antiquariis
1003 1717 1265 1782 oriminabimnr.“
1312 1717 1377 1794 „At

156 1841 214 1904 ego
237 1841 294 1886 vos
317 1824 496 1888 rhetoribus
520 1826 552 1888 st
574 1824 793 1889 soholastiois“
816 1825 929 1906 inquit.

246 1929 331 1995 Cum¹
351 1930 545 2007 adrisissent
569 1931 781 1996 disoessimns.

191 2187 232 2231 aa.
252 2193 286 2232 oo
299 2177 367 2232 deae
432 2179 576 2246 mutasset]
589 2179 739 2233 DieWorte
792 2179 913 2246 teiligten
930 2179 968 2231 ist
985 2178 1037 2231 mit
1053 2176 1142 2231 diesen
1159 2176 1376 2245 Bezeiohnungsn

154 2265 214 2319 eind
232 2266 364 2320 vielleioht
381 2268 409 2320 in
422 2266 588 2336 Erinnenmg
605 2285 638 2321 an
651 2267 738 2322 Horaz
791 2268 828 2320 im
845 2283 944 2335 genten
968 2266 1023 2320 und
1040 2265 1146 2334 grossen
1162 2265 1286 2334 gegeben.
1323 2264 1378 2320 Aur

154 2354 333 2424 gesehrieben,
357 2353 412 2408 Sat.
431 2356 453 2421 I,
473 2357 497 2422 1,
516 2355 590 2410 lbi:
617 2356 738 2426 „siquis
792 2355 851 2409 dem
868 2355 1006 2409 neutralem
1018 2353 1108 2408 Boden
1126 2353 1173 2407 der
1189 2353 1279 2407 Poesie
1298 2353 1377 2408 suoht

49 2507 52 2514 .
155 2442 219 2496 deus
239 2460 281 2509 ‚sn
301 2443 360 2511 ego‘
380 2443 463 2511 dieat,
486 2445 538 2497 iam
560 2444 652 2497 faeiem
670 2444 739 2514 quod
792 2444 928 2498 Maternus
946 2443 988 2497 die
1003 2443 1130 2497 sehroffen
1143 2440 1304 2510 Gegensttze
1319 2443 1376 2496 zwi-

154 2531 246 2585 voltis:
269 2532 320 2585 sris
339 2535 383 2598 tu,
407 2532 452 2602 qui
470 2531 545 2586 modo
563 2533 651 2599 miles,
673 2550 739 2586 mer·
792 2533 871 2586 sehen
880 2532 957 2586 Einst
970 2531 1024 2586 und
1032 2531 1106 2585 Jetzt
1120 2531 1304 2585 auversbhnen
1313 2530 1376 2585 oder

153 2623 241 2674 sator:
273 2623 304 2674 tu
331 2621 467 2674 oonsultus
494 2621 570 2674 modo
597 2621 735 2675 rustieus“
791 2638 926 2690 vergessen
942 2639 974 2675 au
987 2620 1103 2686 macheu,
1117 2619 1375 2674 undnmdieseVer·

153 2711 203 2762 ete.
224 2739 257 2747 -
277 2709 358 2776 eitra]
378 2725 399 2764 s.
418 2709 461 2775 27,
481 2711 506 2763 9.
790 2711 918 2779 mittlung
940 2727 972 2763 zu
994 2708 1253 2776 versinubildliohen‚
1278 2708 1375 2762 wohlto

128 2861 133 2868 ,
790 2799 837 2854 der
854 2799 988 2852 Verlasser
1006 2797 1051 2852 des
1069 2797 1178 2866 Dialogs
1195 2797 1235 2850 als
1254 2795 1305 2852 Ort
1328 2797 1375 2851 des

188 2885 266 2954 Καρ.
293 2885 344 2940 42.
382 2887 454 2942 diem
479 2888 594 2957 wipere]
619 2887 737 2957 poetisoh
791 2886 938 2958 Gesprtohs
957 2887 1004 2940 das
1022 2886 1100 2940 Heim
1117 2886 1164 2940 des
1182 2885 1301 2954 sinnigen
1320 2885 1374 2940 und

153 2974 208 3027 und
230 2974 424 3030 naohkleesiselr
446 2977 488 3029 fiir
511 2975 581 3030 diem
600 2976 736 3043 conficere.
790 2975 969 3030 freundlinbsn
992 2974 1123 3028 Diehters.
1152 3003 1186 3014 -
1214 2973 1374 3028 oriminabi-

153 3061 225 3116 Hist.
244 3063 265 3128 1,
284 3064 319 3116 47
327 3084 333 3116 :
357 3066 467 3131 ‚,exaoto
486 3081 532 3134 per
550 3065 647 3118 seelera
664 3063 736 3119 die“.
790 3065 864 3132 uuor]
882 3063 942 3117 Tae.
957 3066 1033 3129 aetat,
1047 3062 1114 3116 auoh
1127 3079 1201 3116 wenn
1214 3060 1257 3115 dis
1267 3061 1375 3130 lastig-

192 3164 214 3205 e.
239 3153 327 3220 poetis
414 3153 587 3222 antiquariis
606 3194 646 3207 ...
669 3153 736 3208 rhet.
790 3153 846 3206 leit
855 3152 944 3206 rweier
953 3151 1026 3220 Subj.
1040 3151 1080 3204 ale
1093 3154 1219 3220 gatrennt
1231 3167 1263 3204 au
1272 3149 1373 3204 denlren

153 3246 180 3295 et
197 3240 379 3310 scholasticis]
398 3241 447 3295 Die
464 3241 600 3310 Riohtung
617 3242 664 3296 der
681 3241 737 3295 drei
789 3242 840 3306 ist,
868 3239 1035 3310 regelmilsig
1058 3239 1106 3293 das
1130 3239 1244 3294 Verbum
1270 3239 1300 3292 in
1323 3238 1375 3292 den

152 3346 195 3383 am
220 3327 352 3400 Gespriioh
379 3331 432 3384 fast
459 3330 665 3384 aussohlislslloh
689 3329 737 3384 Be
790 3329 892 3395 Plure13
912 3328 1035 3383 auweilen
1053 3327 1119 3382 auch
1137 3328 1233 3382 liviae.
1344 3370 1346 3378 ,
