3098 4862
527 341 646 410 dialogus
664 341 697 396 ‹le
715 342 870 396 oratoribus.
907 359 929 395 c.
948 344 972 398 8.
992 344 1017 398 9.
1351 339 1388 401 29

155 503 297 568 amicitia
320 505 422 585 agunt
437 502 607 584 feruntque
631 503 747 566 cuneta
769 505 868 584 atque
892 504 1022 586 abipso
1046 504 1186 586 principe
1211 523 1285 568 eum
1309 523 1387 588 qua·

155 612 233 675 dam
255 611 434 675 reverentia
456 609 646 690 diliguntur,
671 609 745 691 quie
768 608 1000 692 Vespasianus,
1022 611 1210 676 venerabilis
1234 629 1331 675 senex
1354 613 1387 676 et

154 717 410 802 patientissimus
425 717 500 793 veri,
523 716 603 780 bene
626 716 786 797 intellegit
808 719 929 782 ceteros
953 716 1083 799 quidem
1107 718 1225 782 amicos
1249 735 1324 782 suos
1346 718 1429 784 iisro

152 825 228 901 niti,
260 841 341 907 quae
371 825 410 888 ab
437 824 506 906 ipso
531 823 710 905 acceperint
733 841 879 905 quaeque
902 824 1035 906 stipsis
1059 825 1260 888 accumulare
1290 827 1324 888 et
1352 825 1386 889 in

154 932 234 996 alios
258 948 427 1012 congerere
449 931 634 1012 promptum
658 929 709 1006 sit,
732 929 922 995 Marcellum
945 932 1055 995 autem
1080 933 1113 995 et
1128 930 1278 1014 Crispum
1300 933 1386 996 attu-

153 1038 230 1102 IIsse
254 1037 295 1102 ad
311 1037 485 1102 amicitiem
502 1055 594 1101 suam
618 1035 703 1118 quod
725 1055 788 1101 non
812 1037 987 1120 aprinoipe
1003 1037 1183 1120 acceperint
1204 1056 1264 1102 nec
1286 1037 1386 1120 accipi

153 1145 264 1228 possit.
309 1145 480 1208 Minimum
508 1143 593 1207 inter
621 1144 672 1208 tot
699 1161 737 1207 ae
758 1144 851 1208 tanta
873 1145 979 1208 locum
1002 1144 1147 1209 obtinent
1169 1145 1325 1226 imagines
1348 1163 1386 1210 ac

153 1251 243 1315 tituli
266 1253 298 1316 et
321 1252 457 1327 statuae,
482 1268 563 1331 quae
585 1268 688 1332 neque
712 1250 782 1332 ipsa
801 1252 911 1314 temen
925 1251 1149 1333 negleguntur,
1171 1253 1240 1314 tem
1255 1250 1428 1316 herculem

154 1377 253 1440 quam
276 1357 406 1422 divitiae
430 1359 462 1422 et
485 1375 576 1439 opes,
608 1373 688 1438 quas
711 1356 837 1420 facilius
860 1356 1002 1421 invenies
1026 1357 1082 1439 qui
1104 1358 1264 1440 vituperet
1286 1375 1384 1438 quana

154 1465 210 1546 qui
232 1464 385 1529 fastidiat.
430 1464 489 1528 His
517 1463 617 1544 igi-tur
644 1465 677 1527 et
699 1461 870 1527 honoribus
894 1466 928 1528 et
950 1464 1145 1527 ornamentis
1168 1467 1203 1527 et
1223 1463 1385 1528 facultati·

152 1573 214 1636 bus
237 1571 372 1636 refertas
396 1571 506 1635 domos
522 1588 633 1634 eorum
650 1569 803 1647 videmus,
827 1570 882 1651 qui
905 1588 939 1634 se
964 1571 1003 1634 ab
1018 1570 1149 1634 ineunte
1166 1570 1383 1635 adulescentia

152 1678 259 1743 causis
282 1678 460 1742 forensibus
484 1678 517 1741 et
539 1676 676 1741 oratorio
700 1675 806 1740 studio
830 1676 995 1741 dederunt.

244 1785 350 1862 „Nam
374 1784 516 1849 carmina
540 1785 573 1848 et
596 1801 722 1859 versus,
754 1783 870 1865 quibus
898 1785 1000 1848 totam
1023 1785 1124 1848 vitam
1146 1785 1313 1848 Maternus
1334 1784 1413 1850 int

154 1909 280 1956 sumere
309 1892 400 1974 optat
427 1890 512 1976 (inde
542 1891 627 1955 enim
654 1891 757 1955 omnis
784 1890 877 1954 fluxit
905 1891 1031 1975 oratio),
1061 1909 1164 1972 neque
1193 1890 1383 1973 dignitatem

150 2141 242 2194 eellus.
266 2167 302 2178 —
325 2139 358 2192 in
378 2137 505 2193 Cameris
531 2137 667 2206 amicitia]
692 2139 740 2193 wie
794 2139 872 2192 beaw.
897 2137 1127 2192 Medaillonrellefs
1151 2137 1179 2191 in
1198 2137 1295 2191 Wachs
1319 2137 1382 2192 oder

151 2229 219 2283 Ann.
237 2228 286 2294 111,
304 2229 354 2282 30:
374 2228 424 2295 „iu
443 2227 559 2280 amicitia
576 2227 739 2298 principie“;
794 2226 852 2280 Era.
882 2255 914 2266 -
944 2227 1034 2295 titali]
1064 2227 1124 2280 sind
1151 2227 1193 2280 dia
1220 2243 1262 2281 am
1290 2225 1382 2280 Soclrel

150 2318 226 2385 XIII,
240 2317 288 2372 45:
309 2317 356 2384 „in
372 2317 446 2370 amic.
460 2315 603 2371 Neronis“.
619 2345 651 2356 ·-
673 2315 739 2371 an-
794 2315 840 2370 der
865 2321 976 2370 statuae
1000 2316 1195 2384 engebrachteu
1213 2315 1380 2383 Inschriften,

149 2407 225 2462 sarie
242 2406 317 2460 steht
334 2422 381 2459 rur
394 2404 587 2473 Abweohslung
604 2405 646 2458 llir
655 2407 738 2473 prin·
793 2404 889 2458 welche
907 2394 1001 2458 lutor
1018 2404 1072 2458 und
1086 2404 1203 2458 Wrirden
1222 2404 1269 2457 der
1286 2403 1380 2458 Ahnen

150 2497 231 2564 cc‘ps'a.
249 2524 283 2535 -
303 2499 392 2564 agrem
404 2491 561 2563 ferumque]
575 2494 682 2562 eigeutl.
697 2494 739 2547 be·
793 2494 924 2561 anzeigen.
1085 2513 1087 2516 ·

150 2601 239 2653 wegen
253 2583 307 2637 und
321 2583 417 2637 reissen
430 2582 482 2636 mit
495 2582 551 2635 sich
568 2582 633 2647 lort3
651 2583 737 2636 libers.
830 2593 872 2638 at.
886 2598 958 2652 quae
970 2598 1057 2651 nepem
1070 2583 1132 2650 etc]
1147 2581 1225 2648 „und
1238 2581 1304 2636 doeh
1318 2599 1380 2636 wer·

152 2673 270 2741 „reilsen
295 2673 360 2726 allas
385 2689 419 2726 an
438 2671 525 2726 sich“.
562 2671 612 2725 Die
629 2671 738 2725 Verbin·
792 2671 843 2726 den
861 2671 928 2725 auch
946 2671 1017 2725 <lissa
1034 2671 1159 2724 wahrliolr
1182 2671 1278 2724 ebenso
1295 2671 1381 2738 wenig

149 2762 223 2830 dung
239 2761 329 2816 beiden
346 2761 434 2814 Verba
450 2761 489 2814 ist
511 2759 609 2828 heuflg.
634 2789 668 2798 —
694 2765 738 2814 at·
793 2762 871 2815 ...“.
901 2789 933 2799 -
961 2763 1122 2830 vltcpcrare
1238 2758 1378 2826 fastidire]

150 2851 213 2920 gree]
238 2849 504 2918 ‚,un‹10benoroin“.
524 2877 558 2888 -··
576 2848 738 2904 amabile
793 2850 956 2917 „sehmlthen
1038 2849 1253 2902 verschmlthen“.

148 2940 240 3007 aem]
264 2939 411 3010 Vespasian
436 2938 522 2992 rihlte
547 2953 595 2991 zur
611 2938 682 3005 Zeit,
710 2938 738 2992 in
827 2939 1004 3007 ornamento]
1023 2936 1306 3006 ‚‚Auszeiclmungen“.

149 3029 245 3082 welche
281 3027 329 3082 das
361 3026 495 3098 Gesprtclr
530 3030 633 3095 gesetzt
664 3027 736 3094 wird,

148 3121 218 3172 etwa
235 3118 271 3172 65
287 3117 376 3170 Jahre.
827 3115 905 3183 Καρ.
924 3116 953 3170 e.
981 3115 1014 3168 In
1027 3115 1078 3168 den
1092 3115 1176 3184 Kapp.
1190 3116 1207 3168 9
1222 3132 1247 3168 u.
1264 3114 1380 3182 10lolgt

187 3218 228 3261 το.
250 3206 469 3275 patientissimus
492 3203 561 3273 ocri]
587 3204 657 3271 „der
680 3205 736 3258 sich
790 3204 876 3275 Apers
893 3205 1058 3272 Darlegung,
1082 3204 1130 3258 wie
1153 3204 1308 3257 undanlrbar
1332 3203 1378 3257 (les

148 3295 196 3350 der
213 3295 353 3348 Wahrheit
370 3293 445 3348 nieht
462 3292 658 3360 verschlielst“,
676 3293 736 3348 dass
790 3293 914 3347 Dichters
932 3293 1015 3346 Berul
1031 3293 1076 3346 sei.

148 3384 262 3438 namHoh
288 3399 317 3438 er
341 3384 401 3452 jene
425 3383 536 3437 Manner
560 3382 635 3436 mehr
661 3383 737 3452 notig
825 3383 902 3437 Nom
920 3381 1058 3448 camiac]
1077 3381 1178 3434 Vorher
1195 3397 1250 3449 erg.
1264 3380 1314 3434 den
1329 3379 1378 3436 Ge-

147 3473 223 3540 habe,
237 3473 278 3526 als
291 3472 330 3526 sie
341 3473 396 3526 ihn.
417 3501 450 3512 -
469 3471 656 3539 accumulare]
674 3471 734 3541 Vgl.
790 3471 906 3528 denken:
926 3469 998 3526 Ganr
1016 3469 1110 3523 andere
1129 3469 1205 3523 steht
1221 3485 1250 3523 es
1267 3470 1318 3523 mit
1330 3469 1378 3524 der

147 3561 216 3616 Ann.
230 3561 278 3628 ΠΙ,
293 3561 342 3616 3οε
362 3577 461 3630 „opum
479 3561 685 3615 accumulator“.
700 3591 735 3602 -
789 3561 959 3614 Dichtlruust.
988 3585 1021 3596 ·-
1049 3558 1155 3625 cereus]
1183 3557 1249 3612 wird
1276 3558 1303 3611 in
1331 3557 1378 3611 der

146 3649 490 3705 attaliaseadamies'ts'cm
498 3648 735 3719 neam1i.e.prr'n·
788 3650 871 3718 Regel
897 3665 947 3702 von
974 3648 1022 3701 (lar
1053 3647 1183 3715 lyrischen
1212 3647 1303 3700 Poeaie
1334 3664 1378 3714 ge-

146 3739 226 3806 cr'pr'e.
252 3738 316 3791 Zum
330 3737 428 3792 Ansdr.
442 3738 495 3806 vgl.
504 3737 578 3792 Caes.
587 3738 654 3792 Bell.
665 3737 733 3794 Gall.
788 3737 908 3791 braucht.
924 3765 958 3776 -·
971 3735 1056 3804 (lecit
1069 3735 1170 3802 motio]
1189 3735 1246 3789 eine
1260 3735 1321 3789 sehr
1333 3751 1376 3804 ge·

146 3825 168 3892 1,
181 3827 231 3882 43:
251 3827 342 3897 „qnod
355 3842 415 3880 aero
428 3827 463 3880 ad
476 3826 618 3881 amicitiam
631 3844 690 3897 pop.
700 3828 733 3882 R.
788 3825 932 3879 w'o'hnliche
955 3823 1100 3894 Metepher.
1141 3821 1194 3877 Cic.
1213 3822 1290 3877 Brut
1309 3824 1375 3879 201:

145 3916 311 3983 attulissent,
325 3916 353 3969 id
366 3916 400 3969 ir's
413 3915 479 3985 ertpi
491 3932 514 3970 e.
525 3933 550 3986 q.
563 3932 584 3970 s.
600 3946 634 3956 -·
648 3916 734 3985 qaod]
789 3930 826 3980 „a
843 3912 923 3968 Cotta
940 3911 1013 3982 Sulp.
1031 3912 1095 3964 haec
1113 3911 1197 3964 omnis
1220 3911 1297 3964 fluxit
1320 3927 1375 3964 ora-

145 4004 184 4058 ist
206 4007 266 4062 ἀπὸ
288 4015 386 4059 κοινοῦ
401 4003 500 4073 Objelrt
523 4021 555 4058 au
578 4005 735 4074 acceperint
788 4003 862 4068 tio“;
888 4003 916 4056 in
940 4004 1022 4055 etwas
1045 3998 1374 4055 tarentasiensem.

144 4093 201 4148 und
218 4093 380 4162 mojam-zu
397 4095 489 4163 accipi
504 4094 601 4162 poerit.
632 4093 735 4147 Ebenso
788 4092 836 4158 IX,
854 4093 880 4157 6,
899 4089 931 4143 4:
950 4089 1090 4159 ‚‚superior
1107 4089 1221 4156 longius,
1240 4104 1319 4158 quam
1333 4104 1375 4142 ro·

145 4181 234 4238 Germ.
256 4184 302 4238 18:
327 4199 415 4254 „quae
436 4199 520 4238 nurus
542 4182 673 4252 scalpiant
691 4221 733 4240 ...
787 4181 838 4247 lui,
856 4179 934 4232 lluxIt
951 4178 1061 4232 oratio“.
1087 4207 1120 4216 -
1143 4178 1193 4231 Die
1211 4176 1374 4246 Dispositlon

143 4271 324 4326 refunntnr‘t
787 4268 855 4323 nach
868 4267 1002 4336 dmitos,
1020 4267 1141 4334 utilitas,
1160 4267 1297 4336 volumtas,
1311 4265 1375 4320 locs

180 4360 327 4431 imagines]
346 4359 533 4427 sustulimus,
551 4359 578 4414 d.
592 4359 618 4414 h.
633 4359 734 4414 Biisten
787 4357 942 4429 entsprieht,
956 4356 1007 4411 nult
1020 4354 1373 4424 vorandortarnsmenfolge,
