3098 4862
167 326 205 388 Ὦ
667 331 780 388 Cornelii
797 331 881 386 Taciti

169 493 348 570 oratoriam,
372 510 436 574 qua
458 511 569 576 perere
593 493 688 557 simul
712 495 745 558 et
767 493 851 557 tueri
874 492 1039 570 amicitias,
1063 492 1239 558 adsciscere
1261 493 1398 558 uecessi-

168 599 305 676 tudines,
329 600 496 682 complecti
511 600 688 683 provincias
704 600 813 682 pessit,
837 599 958 664 omitt't
973 599 1126 676 studium,
1150 619 1213 681 quo
1230 619 1293 665 non
1310 599 1397 664 aliud

127 706 201 770 isin
225 707 354 770 civitate
377 708 487 771 nestra
510 707 561 771 vel
584 706 624 770 ad
647 707 822 771 utilitatem
844 705 1039 772 fructuosius
1063 707 1112 770 vel
1137 705 1177 770 ad
1200 707 1399 789 voluptatem

169 812 293 877 dulcius
316 813 368 878 vel
391 813 431 877 ad
455 813 645 895 dignitatem
668 814 806 896 amplius
834 813 884 877 vel
912 812 952 876 ad
979 812 1067 877 urbis
1090 811 1211 878 famam
1233 813 1398 895 pulchrius

167 921 219 984 vel
247 920 287 984 ad
315 921 414 984 totius
442 920 567 1003 imperii
595 922 692 1002 atque
721 919 864 983 omnium
887 919 1031 1000 gentium
1054 919 1203 984 notitiam
1230 920 1399 983 inlustrius

169 1027 339 1108 excogitari
361 1029 476 1110 potest.
522 1027 606 1090 Nam
630 1028 657 1090 si
681 1026 721 1090 ad
744 1026 918 1091 utilitatem
941 1026 1026 1091 vitae
1050 1027 1157 1091 omnia
1180 1027 1311 1091 consilia
1333 1025 1398 1092 fao·

169 1134 266 1215 taque
289 1136 400 1197 nostra
423 1133 595 1216 derigenda
619 1135 710 1207 sunt,
734 1131 810 1213 quid
834 1135 884 1196 est
907 1133 1010 1196 tutius
1036 1151 1133 1214 quam
1157 1151 1227 1198 eam
1251 1151 1396 1199 exercere

126 1241 285 1318 martem,
318 1258 381 1322 qua
411 1258 536 1322 semper
564 1241 707 1304 armatus
731 1239 925 1321 praesidium
948 1239 1074 1318 amicis,
1104 1259 1196 1323 opem
1219 1241 1398 1319 clientibus,

169 1348 307 1411 salutem
322 1346 584 1430 periclitantibus,
607 1347 722 1412 invidis
746 1365 819 1411 vero
843 1346 1027 1410 etinimicis
1042 1349 1168 1411 metum
1191 1348 1224 1410 et
1243 1348 1397 1411 terrorem

168 1453 253 1518 ultro
276 1452 372 1530 ferat,
403 1453 471 1536 ipse
502 1471 632 1518 securus
663 1456 696 1518 et
723 1454 812 1518 velut
837 1453 975 1534 quadam
1002 1454 1156 1536 perpetua
1187 1453 1331 1536 potentia
1361 1471 1398 1518 ac

168 1561 326 1643 potestate
349 1560 517 1624 munitus?
553 1558 651 1625 Cuius
675 1561 723 1624 ris
747 1562 780 1624 et
802 1560 926 1624 utilitas
949 1560 1044 1624 rebus
1060 1578 1208 1642 prospere
1224 1559 1397 1625 fluentibus

169 1772 202 1826 ad
230 1788 358 1827 summam
389 1772 454 1826 iuris
485 1772 568 1826 civilis
676 1772 756 1826 scien·
810 1789 860 1826 von
878 1772 991 1826 utititas
1009 1771 1050 1826 bis
1068 1771 1190 1826 omnim
1206 1772 1332 1840 pontiam
1348 1788 1398 1828 no·

169 1861 264 1914 tiam“.
289 1887 322 1898 -
346 1861 384 1914 ad
403 1862 588 1930 eloquentiam
606 1861 713 1916 virilem
731 1867 758 1915 et
811 1861 912 1915 titiam.

168 1949 332 2016 oratoriam]
375 1949 511 2003 scheinbar
552 1949 757 2019 pleonastischer
846 1949 885 2002 ad
902 1949 1055 2003 utilitatem
1072 1948 1237 2020 deciperetis]
1263 1949 1311 2003 wie
1329 1949 1397 2004 Anu.

169 2037 265 2092 Ausdr.
284 2029 327 2091 fiir
344 2038 492 2092 miunliche
506 2038 560 2092 und
573 2039 649 2092 echte
663 2039 757 2092 Bered-
810 2038 856 2105 IV,
875 2039 924 2092 40:
950 2038 1069 2107 „quibus
1094 2039 1277 2108 (principibus)
1301 2039 1398 2109 praeci·

170 2127 288 2182 samlrelt.
326 2127 385 2195 Vgl.
410 2125 756 2195 obrigenscie.deor.1‚
810 2143 863 2197 pua
876 2143 963 2180 rerum
977 2126 1011 2180 ad
1024 2126 1119 2180 lamam
1135 2126 1304 2195 derigenda“.
1338 2127 1398 2195 Vgl.

169 2217 235 2270 231:
260 2216 425 2282 „orationem
444 2215 569 2268 disertam
589 2214 639 2268 sibi
657 2217 685 2268 et
702 2231 757 2269 ora·
812 2232 857 2268 rur
875 2215 956 2268 Sache
975 2214 1027 2269 (lic.
1045 2215 1078 2268 de
1096 2231 1133 2269 cr,
1152 2215 1256 2283 1,185:
1277 2215 1399 2282 „utilita-

169 2305 265 2359 teriam
290 2305 384 2371 videri,
410 2305 504 2358 fortem
529 2307 558 2358 et
580 2304 681 2358 virilem
705 2321 757 2358 non
811 2304 848 2358 tis
866 2304 1049 2372 magnitudo“.
1070 2333 1103 2343 -
1122 2305 1240 2358 coercitio
1257 2304 1398 2375 factaque]

169 2393 281 2448 videri“.
306 2423 338 2433 —-
363 2394 502 2462 complesti
516 2392 691 2462 provincias]
710 2395 756 2460 (sc.
812 2392 941 2460 „Denlrm
955 2393 1010 2446 und
1023 2391 1130 2447 Thun“.
1151 2421 1184 2432 -
1203 2393 1303 2462 tatius]
1324 2395 1399 2461 „rat-

165 2483 336 2553 patrocinio)
354 2487 486 2553 prignant
500 2483 556 2537 llir:
575 2482 758 2551 Beziehungen
812 2482 926 2536 samer“.

171 2589 203 2626 zu
220 2572 400 2626 Provincialen
418 2573 574 2642 anlniiplen,
593 2572 649 2625 sich
667 2571 758 2627 diesel·
849 2581 890 2626 to.
908 2571 1083 2638 praesidium
1097 2572 1202 2639 amicis,
1221 2587 1298 2639 opem
1317 2571 1398 2626 eliaa-

170 2661 221 2714 ben
239 2660 321 2715 durch
335 2660 499 2729 Vertretung
514 2661 585 2714 ihrer
597 2660 758 2729 Angelegen·
812 2659 958 2728 tibasetc.]
972 2659 1091 2728 VgLOic.
1102 2659 1134 2713 de
1144 2677 1180 2713 or.
1191 2660 1213 2725 1,
1224 2661 1289 2714 184:
1306 2677 1398 2730 „prae

170 2750 259 2804 heiten
278 2749 451 2820 verpilichtet.
482 2749 542 2818 Vgl.
561 2748 630 2803 Ann.
649 2748 689 2815 11,
708 2749 757 2803 82:
813 2747 908 2801 sidium
927 2748 1066 2802 clientibus
1085 2751 1165 2817 atque
1179 2764 1252 2817 opem
1267 2749 1357 2802 amicis
1372 2751 1398 2802 et

173 2839 319 2910 „populum
332 2837 407 2892 Rem.
423 2853 505 2907 aequo
519 2838 575 2891 iure
589 2837 757 2907 complecti“.
812 2853 892 2906 prope
910 2837 1011 2890 cunctis
1030 2837 1129 2891 civibus
1153 2837 1238 2890 lucem
1255 2836 1354 2906 ingenii
1372 2842 1400 2892 et

211 2941 249 2983 rt.
269 2929 311 2982 ael
324 2926 364 2980 ad
375 2927 527 2981 utilitatem
590 2928 759 2996 uoluptatem
812 2925 914 2979 consilii
942 2924 983 2979 sui
1010 2926 1220 2996 porrigentem“.
1250 2956 1285 2964 -
1312 2927 1399 2996 albo]

232 3016 409 3086 dipaitatem]
434 3015 498 3069 Fast
521 3015 633 3069 dissolbe
657 3013 759 3070 Glicde·
813 3014 1006 3082 „seicerseits“
1026 3015 1091 3068 liber
1109 3015 1151 3069 die
1166 3013 1265 3070 Grence
1279 3015 1325 3069 der
1338 3015 1400 3069 Ver-

172 3123 240 3175 rung
257 3107 304 3160 wie
322 3106 364 3159 bei
383 3105 472 3160 Cicero
489 3106 518 3159 in
537 3105 621 3159 seiner
639 3104 758 3176 Empleh-
813 3103 951 3173 taidigung
963 3104 1168 3174 hinausgehend.
1201 3105 1261 3174 Vgl.
1272 3104 1400 3174 Histh,

171 3285 193 3352 1,
216 3285 362 3339 185-200.
399 3274 471 3338 liber
494 3284 544 3338 den
563 3286 651 3337 ersten
669 3284 759 3337 Punlrt
813 3287 1006 3354 oppugnatores
1031 3283 1136 3351 ignibus
1158 3281 1345 3353 petebantur“.
1366 3310 1399 3319 -

172 3374 273 3444 spricht
300 3372 371 3443 Aper
398 3373 440 3426 bis
464 3373 530 3443 Kap.
557 3374 588 3441 6,
616 3373 682 3427 liber
708 3373 758 3426 den
812 3372 898 3440 serat]
923 3371 1035 3441 Subjelrt
1057 3372 1095 3424 ist
1112 3371 1154 3424 eiu
1173 3387 1204 3424 cu
1223 3387 1279 3439 pac
1297 3385 1401 3438 semper

173 3464 279 3518 zweiten
298 3463 338 3516 bis
357 3462 454 3532 Kap.?
474 3480 536 3517 eam
551 3463 650 3532 pratia
668 3463 757 3528 cecit3
813 3459 1209 3515 omnatrcshinzuzudcclrendes
1224 3458 1401 3513 subesthlir·

171 3553 237 3605 iiber
250 3551 377 3622 dipsitas
392 3551 445 3604 und
458 3551 538 3617 sama
552 3551 592 3604 bis
606 3550 672 3620 Kap.
688 3551 712 3604 9.
726 3577 757 3587 -
814 3551 887 3603 wort.
908 3575 941 3588 —-
957 3549 1086 3618 potentia
1104 3564 1138 3603 ac
1153 3548 1297 3617 potestate]
1322 3547 1401 3617 Syno·

171 3641 250 3696 asebia
274 3640 364 3708 fama]
390 3655 442 3693 was
467 3639 509 3693 die
528 3639 607 3694 Stadt
631 3656 682 3693 von
704 3639 758 3692 ihm
813 3655 890 3706 nyma
901 3656 948 3691 von
958 3637 1073 3705 gleicher
1082 3637 1187 3691 Wurzel
1198 3638 1300 3691 werden
1312 3637 1402 3704 heufig

172 3733 247 3798 sagt3
273 3729 339 3782 auch
357 3729 467 3798 imperii
486 3728 540 3782 und
557 3728 681 3797 peritiam
700 3727 759 3781 sind
814 3726 1086 3794 zusammengestellt3
1113 3729 1158 3793 ll,
1179 3729 1210 3781 ll
1236 3745 1261 3781 u.
1285 3728 1333 3792 36,
1355 3727 1401 3782 18:

174 3818 319 3887 subjeltive
347 3815 481 3872 Genetiva.
528 3817 560 3870 In
592 3817 760 3870 vertuderter
815 3816 946 3884 „nobitas
960 3831 991 3869 ae
1005 3815 1151 3883 nominis“;
1170 3817 1272 3882 3217:
1288 3833 1402 3884 „sensus

173 3907 250 3961 Form
277 3906 374 3960 lrehren
407 3905 477 3959 dieas
504 3906 616 3974 Begriffe
648 3905 714 3975 Kap.
743 3907 759 3960 'l
873 3905 1054 3971 sententias“;
1074 3921 1102 3959 so
1121 3906 1163 3960 bei
1181 3905 1280 3960 andern
1293 3905 1402 3959 Schriftr

175 3996 280 4050 wieder:
300 3995 390 4062 „fama
408 3999 436 4048 et
453 3995 512 4049 laus
594 3996 621 4048 in
641 3995 703 4048 urbe
815 3993 923 4047 stellern
937 3994 1213 4050 medacumcdestic
1225 3993 1401 4048 bermmode·

174 4083 760 4156 populushlc‚..advenaeperegrinique“.—
814 4084 890 4137 ratio
913 4087 963 4136 etc.
1000 4083 1277 4152 Vgl.aueh10‚23:
1303 4081 1402 4148 „iaculi

175 4173 349 4244 niquitatem]
386 4173 498 4241 inbezug
533 4173 579 4226 aul
612 4172 760 4227 bffentliohe
878 4172 978 4226 iactu“.

174 4262 328 4331 Thitiglreit
346 4261 401 4315 und
418 4260 621 4330 Anothenuuug.
658 4260 761 4331 Kupb
851 4261 892 4316 oia
915 4265 941 4314 et
965 4260 1086 4326 utilitas]
1115 4259 1308 4327 „wohlthiitlge
1335 4257 1403 4311 Wir·

174 4353 241 4406 mod.
260 4370 284 4406 u.
300 4352 345 4406 ii.
356 4351 387 4406 A.
415 4351 530 4405 Beachte
549 4351 590 4404 die
604 4349 762 4420 Stcigerung
816 4349 918 4417 hrrng“.
938 4378 971 4387 -
995 4349 1077 4402 rebus
1095 4363 1223 4418 prospere
1241 4345 1402 4416 fluentibus]
