3098 4862
164 317 201 380 24
673 320 785 378 Cornelii
803 321 888 376 Taciti

164 502 229 550 non
261 483 346 561 dieo,
381 484 431 549 eui
461 483 546 567 parti
574 482 705 548 minime
736 485 847 548 eontra
877 482 1038 548 diotnrum
1067 482 1251 548 Maternum
1285 501 1395 548 meum

166 591 310 656 arbitror.

133 703 155 765 6
254 697 325 774 „Ad
343 697 541 780 voluptatem
557 696 711 762 oratoriae
728 695 927 779 eloquentiae
948 698 1084 773 transeo,
1107 696 1197 762 ouius
1213 697 1395 763 iucunditas

164 821 228 868 non
251 822 315 868 uno
330 803 436 885 aliquo
452 805 623 880 momento,
646 803 702 868 aad
726 803 871 867 omnibus
894 821 991 886 prope
1015 803 1125 868 diebus
1149 821 1185 868 ae
1207 823 1304 887 prope
1328 823 1394 869 om-

164 910 258 974 nibus
282 910 367 974 horle
384 910 548 990 eontingit.
584 907 667 988 Quid
692 911 777 974 enim
801 910 926 975 duloins
950 910 1048 975 libero
1072 911 1105 974 et
1127 911 1264 992 ingenuo
1288 912 1395 976 animo

165 1018 198 1082 et
228 1016 269 1081 ed
299 1017 479 1100 voluptates
507 997 657 1082 honesteu'
684 1018 762 1081 nato
791 1035 888 1098 quam
915 1016 1020 1082 videre
1049 1017 1178 1099 plenam
1208 1035 1333 1100 semper
1362 1019 1396 1082 et

139 1122 364 1204 utrequentem
392 1123 523 1188 domum
552 1142 645 1190 auam
674 1142 829 1188 ooneureu
853 1123 1181 1206 splendidissimorum
1204 1124 1394 1189 hominum?

162 1229 265 1312 quue
289 1230 368 1296 seire
392 1249 455 1294 non
478 1230 640 1312 peeuniae,
663 1249 727 1294 non
742 1231 881 1307 orbitati,
904 1249 969 1294 non
992 1229 1086 1294 offioii
1106 1230 1241 1295 alieuius
1260 1230 1395 1296 admini-

165 1337 320 1413 strationi,
344 1335 399 1401 sed
423 1336 567 1419 sibiipsi
591 1336 681 1402 dori?
719 1337 811 1420 Ipsos
835 1337 912 1418 quin
935 1337 1043 1401 immo·
1057 1338 1148 1402 orbos
1172 1338 1204 1402 et
1220 1337 1395 1420 loeupleteo

165 1445 198 1508 et
220 1445 367 1526 potentes
384 1443 490 1508 venire
506 1444 695 1526 plerumque
719 1443 759 1508 ad
779 1445 926 1508 iuvenem
943 1446 975 1508 et
990 1462 1171 1527 pauperem,
1195 1445 1232 1507 ut
1256 1445 1313 1507 aut
1336 1462 1395 1508 sua

165 1553 222 1614 ant
252 1551 426 1615 amieorum
456 1550 639 1614 diaorimina
670 1550 901 1615 commendent.
946 1549 1062 1616 Ullaue
1094 1552 1186 1614 tanta
1215 1551 1393 1632 ingentium

122 1677 152 1720 ro
164 1675 261 1740 opum
284 1675 321 1722 ae
343 1675 479 1738 magnae
495 1657 656 1740 potentiae
672 1657 820 1740 voluptas
837 1675 934 1739 quam
951 1658 1093 1739 spectare
1109 1657 1254 1721 homines
1270 1659 1393 1722 veteres

163 1765 197 1828 et
220 1781 311 1828 senes
336 1765 368 1828 et
391 1763 490 1828 totius
513 1763 597 1827 orbis
621 1764 725 1845 gratia
741 1764 890 1828 subnixos
912 1764 947 1828 in
970 1781 1097 1827 summa
1119 1782 1227 1828 rerum
1251 1764 1393 1828 omnium

164 1869 360 1934 abundantia
377 1869 571 1946 confitentes,
594 1870 627 1934 id
651 1870 736 1952 quod
759 1871 916 1953 optimum
940 1871 983 1934 eit
1006 1889 1039 1934 aa
1062 1888 1125 1935 non
1148 1870 1288 1934 habere?
1322 1870 1393 1934 Iam

163 1994 236 2040 varo
261 1975 316 2058 qui
339 1976 521 2058 togatorum
546 1977 715 2040 comitatus
740 1978 773 2042 et
796 1977 960 2060 egressus!
1004 1974 1093 2055 Quae
1116 1977 1149 2040 in
1172 1976 1298 2060 publioo
1323 1995 1394 2060 spe-

163 2083 242 2148 aies!
279 2080 367 2161 Quae
391 2081 424 2146 in
447 2081 571 2146 iudioiis
588 2084 765 2148 veneratio!
801 2080 893 2161 Quod
916 2082 998 2146 illud
1013 2083 1166 2165 gaudium
1183 2083 1392 2166 consurgendi

121 2188 401 2270 ruadsietendique
423 2188 507 2254 inter
531 2190 674 2254 taeentes
703 2191 736 2254 et
763 2190 796 2253 in
823 2209 925 2254 unum
948 2191 1132 2254 conversos!
1179 2189 1270 2256 (loire
1293 2210 1393 2275 popu·

161 2436 207 2505 v1,
223 2437 292 2504 1,4:
313 2454 439 2509 „corpore
457 2437 551 2506 (durch
569 2437 749 2503 Aueweiehen)
804 2435 890 2492 Germ.
917 2437 966 2492 20:
992 2438 1138 2504 „orbitatis
1162 2439 1280 2509 protia“.
1316 2439 1391 2493 Auoh
1413 2515 1417 2522 Ι

161 2525 213 2579 alia
227 2526 364 2592 vitabat“;
383 2525 430 2594 IX,
446 2528 471 2594 7,
485 2528 534 2582 ‘liz
554 2525 689 2597 „eorporis
707 2526 750 2580 ‹le-
803 2525 889 2580 Horaz
909 2526 962 2582 und
980 2525 1091 2581 Juvenal
1110 2531 1217 2598 apotten
1231 2528 1321 2596 hiufig
1334 2528 1392 2582 dar·

160 2613 302 2668 clinatione
320 2615 448 2669 vitasee“.
804 2616 874 2670 liber.

197 2701 297 2771 mum]
312 2703 402 2770 „moin
416 2703 527 2757 liaber“.
553 2703 578 2757 S.
589 2704 708 2770 aucffll,
720 2705 749 2757 7:
845 2725 883 2767 ro.
909 2719 1010 2768 veterae
1030 2719 1056 2768 et
1074 2714 1159 2781 aeneo]
1186 2715 1392 2780 „vialeriahrone

162 2791 248 2862 „Apri
266 2791 347 2846 mei“.
804 2800 858 2853 alta
871 2800 1011 2855 Mt'nuer“.
1030 2831 1066 2840 -
1084 2801 1169 2871 orbis]
1188 2802 1247 2870 Vgl.
1261 2803 1326 2869 8,4:
1342 2804 1392 2872 „in

196 2913 274 2983 Kal).
294 2914 325 2970 6·
358 2915 484 2970 own-bug
495 2931 584 2984 prope
602 2915 697 2970 diem
715 2933 749 2972 ac
803 2889 927 2942 extremis
952 2888 1073 2959 partibus
1098 2891 1266 2958 terrarum“;
1291 2892 1339 2960 41,
1358 2894 1391 2947 4:

160 3003 253 3073 („ia“)
266 3019 356 3073 arone
374 3020 445 3058 ome.
465 3003 551 3071 aaa]
575 3004 641 3058 arne
662 3005 748 3074 guae
804 2978 925 3045 ollium
944 2979 1055 3049 popurus
1136 2997 1213 3050 quam
1232 2981 1391 3051 provinciam

160 3092 379 3146 naehdruekliehe
392 3093 533 3162 Botonung
551 3093 598 3148 dor
615 3094 748 3149 einzelnen
803 3070 908 3122 tuemur
918 3069 932 3092 ‘⁴
966 3071 1016 3122 ew·
1050 3098 1083 3106 “
1118 3070 1215 3138 imilla
1246 3069 1391 3140 8“blll'oelssl

160 3181 252 3236 Worte
266 3182 337 3236 einer
346 3183 581 3252 Zeitbeetimmung
595 3201 616 3238 e.
628 3185 661 3238 16
671 3201 694 3238 a.
704 3184 748 3239 E.:
803 3157 869 3210 auch
887 3158 957 3212 Anu·
971 3157 1047 3224 xmr
1063 3161 1079 3212 ⁶
1094 3175 1117 3212 θ’·
1132 3157 1161 3214 Ε·
1182 3189 1215 3198 ··
1234 3160 1267 3214 ¹7⁷2
1283 3176 1391 3214 mmm

160 3288 234 3339 „non
253 3272 337 3326 ⁸01um
356 3271 445 3326 eodem
463 3274 553 3326 ann0“
573 3277 622 3328 ote·
802 3247 1097 3314 ratumabuoodanlia]
1108 3247 1390 3302 naehCie.Brut.320:

196 3360 235 3414 ad
252 3362 409 3430 voluptates
431 3361 559 3416 pompa,
581 3362 659 3430 napo]
685 3363 748 3430 „ffir
803 3335 853 3402 „in
872 3337 987 3390 omniurn
1006 3354 1092 3390 rerum
1111 3336 1303 3390 abundantia“.

159 3449 217 3504 edla
236 3447 354 3504 Gentiano
371 3449 578 3520 emplanglieh“.
838 3443 1020 3498 comitatueet
1030 3443 1161 3512 ceremur]
1177 3442 1297 3496 Dieaolba
1307 3443 1391 3498 elnam

198 3551 221 3594 a.
249 3539 319 3608 quin
345 3538 439 3606 immo]
468 3538 518 3607 „ja
545 3539 641 3606 dals“;
674 3540 748 3595 steht
802 3531 1389 3601 HendiadyeverwandteVerbindungll,13.

159 3627 226 3682 auoh
244 3627 288 3682 34.
307 3628 351 3683 36.
370 3628 405 3682 39
424 3627 479 3682 und
497 3625 584 3683 Germ,
607 3630 652 3696 143
672 3633 748 3684 sonsa
801 3621 880 3675 Sinn:
904 3621 936 3674 In
954 3621 1001 3674 wie
1020 3621 1179 3676 zahlreiohor
1198 3622 1251 3676 und
1270 3623 1390 3690 glimen·

159 3715 235 3770 nieht
252 3717 294 3770 bei
312 3716 371 3772 Tae.
392 3745 421 3756 -
449 3718 527 3774 orbos
545 3724 572 3773 et
589 3719 746 3789 locupleta]
802 3710 849 3763 der
866 3710 1025 3779 Begleitung
1049 3710 1120 3764 nieht
1141 3727 1202 3766 man
1226 3712 1267 3765 die
1285 3712 1390 3766 Reener

158 3804 194 3860 Eu
219 3805 257 3859 iet
279 3806 452 3861 bezeichnend
475 3807 516 3861 fiir
539 3808 581 3862 dio
600 3808 747 3876 damaligen
802 3800 844 3854 ihr
862 3799 938 3854 Heus
957 3800 1088 3854 varlaeeen
1107 3800 1161 3854 und
1180 3801 1260 3855 dahin
1284 3801 1390 3856 nurlielr·

158 3894 292 3948 Zustendo
310 3895 338 3948 in
355 3894 437 3962 Rom,
462 3895 521 3948 dass
539 3897 622 3952 orem
640 3897 690 3950 mit
708 3899 746 3954 ιο.
802 3889 913 3944 lrehrenl
934 3919 967 3930 -
986 3890 1043 3944 Dan
1062 3890 1241 3958 angaeehenen
1261 3891 1388 3959 Birgena,

159 3984 252 4052 coplae
278 3983 333 4038 feet
359 3985 406 4038 wie
434 3985 476 4038 ein
500 3984 677 4053 Synonymum
704 4003 747 4042 zu·
802 3978 904 4048 lopati,
923 3978 987 4032 wind
1006 3979 1031 4044 7,
1051 3980 1084 4033 16
1108 3981 1251 4034 tunicatae
1268 3979 1390 4048 populas

159 4072 385 4140 eammengestellt
399 4073 471 4127 wird.
497 4073 651 4130 Kindarloee
665 4075 748 4130 leuto
801 4069 1066 4136 gegenlibergeutellt.

120 4217 124 4228 ,
159 4177 244 4216 waren
269 4160 438 4230 Gegenetand
461 4162 593 4230 eilrigeter
616 4161 746 4218 Gunetbe·
839 4165 920 4234 Quod
938 4166 1011 4220 illud
1024 4164 1175 4235 pendium]
1194 4166 1235 4220 lm
1248 4166 1280 4220 D.
1295 4166 1333 4219 iet
1347 4165 1389 4219 die

157 4250 282 4319 werbung
300 4250 342 4304 fiir
359 4251 459 4318 eoloha,
484 4252 580 4306 walohe
603 4252 638 4305 irn
656 4252 746 4308 Testa·
801 4253 905 4324 Kopula
928 4272 959 4310 zu
982 4260 1116 4323 erginzen.
1153 4255 1221 4310 Anu.
1241 4255 1292 4322 XI,
1313 4255 1337 4322 l,
1358 4256 1388 4310 1:

156 4342 232 4396 ment
249 4340 362 4394 bedaoht
381 4357 413 4395 au
429 4340 529 4396 wardan
544 4341 652 4397 holsten.
685 4343 745 4412 Vgl.
802 4360 900 4413 „quem
918 4343 994 4397 illum
1013 4347 1089 4397 tanta
1107 4344 1229 4414 superbla
1247 4348 1333 4402 aeee“.
