3092 4878
196 362 232 423 dd
704 357 817 414 Cornelii
834 359 919 412 'Iaoiti

196 519 281 600 parti
297 519 450 583 sermonis
467 518 535 582 eius
551 535 701 600 repugno,
726 535 789 599 qua
806 519 898 599 quasi
914 519 1057 582 eominus
1073 519 1163 584 nisus
1179 518 1301 584 fatetur
1317 521 1432 603 plures

197 624 316 691 formas
340 625 464 690 dioeudi
488 625 586 690 etiam
606 625 707 689 isdem
725 626 870 701 saeeulis,
892 625 1011 689 nedum
1028 625 1161 690 diversis
1178 627 1330 692 extitisse.
1366 627 1430 692 Sed

154 750 260 813 eoquo
290 731 382 797 modo
412 733 496 796 inter
518 731 642 796 Attioos
674 734 815 796 oratores
845 733 967 815 primae
991 732 1201 797 Demostheni
1230 734 1432 812 tribuuntur,

196 839 376 921 proximum
405 840 511 903 looum
534 839 707 903 Aesohines
739 841 771 903 et
794 837 971 921 Hyperides
1003 841 1036 903 et
1058 839 1171 921 Lysias
1204 841 1237 904 et
1258 841 1431 922 Lyeurgus

198 945 356 1023 obtinent,
387 947 529 1009 omnium
560 947 669 1010 autem
699 963 851 1010 ooneessu
881 945 960 1010 haee
990 948 1153 1009 oratorum
1178 949 1266 1010 aetas
1290 949 1431 1012 maxime

196 1053 359 1134 probatur,
384 1053 428 1117 sio
452 1051 536 1136 apud
559 1069 617 1116 nos
634 1051 742 1117 Cieero
767 1052 897 1133 quidem
921 1053 1042 1116 eeteros
1059 1053 1232 1116 eorundem
1247 1055 1429 1137 temporum

197 1159 332 1222 disertos
357 1161 537 1235 anteoessit‚
561 1158 678 1237 Calvus
703 1161 811 1222 autem
836 1162 868 1222 et
891 1159 1020 1222 Asinius
1045 1161 1078 1222 et
1101 1159 1219 1223 Caesar
1243 1164 1276 1224 et
1300 1159 1430 1225 Caelius

156 1268 231 1329 sset
259 1265 382 1330 Brutus
411 1267 479 1330 iure
512 1268 545 1330 at
573 1265 729 1348 prioribus
762 1266 795 1330 et
824 1265 1029 1346 sequentibus
1060 1268 1307 1348 anteponuntur.
1359 1267 1432 1333 Neo

198 1371 297 1437 refert
327 1374 411 1455 qnod
438 1373 523 1436 inter
558 1391 591 1436 sa
627 1373 730 1455 speeie
765 1371 924 1448 differunt,
959 1391 1033 1436 eum
1068 1390 1183 1453 genere
1219 1375 1431 1438 eonsentiant

197 1479 389 1543 Adstrictior
412 1479 539 1556 Calvus,
562 1480 726 1543 nervosior
748 1479 893 1555 Asinius,
917 1478 1110 1562 splendidior
1134 1478 1266 1558 Caesar,
1291 1481 1431 1545 amarior

200 1584 336 1658 Caelius,
360 1585 486 1668 gravior
501 1585 632 1663 Brutus,
655 1584 873 1649 vehementior
893 1587 924 1648 et
945 1585 1066 1667 plenior
1082 1587 1115 1649 et
1130 1586 1286 1650 valentior
1302 1586 1429 1652 Oieero:

198 1710 310 1756 omnes
334 1694 442 1756 tamen
467 1692 600 1756 eandem
624 1692 798 1755 sanitatem
821 1691 1021 1772 eloquentiae
1042 1691 1235 1772 praeterunt,
1257 1694 1296 1755 ut
1316 1694 1343 1755 si
1360 1712 1431 1757 om·

155 1799 291 1862 aonium
314 1799 433 1882 pariter
456 1800 552 1863 libros
575 1799 608 1861 in
631 1817 763 1862 manum
794 1797 983 1880 sumpseris,
1014 1797 1111 1874 seiae,
1142 1799 1287 1879 quamvis
1316 1799 1351 1862 iu
1381 1798 1431 1862 di·

202 1905 302 1968 versis
325 1905 475 1986 ingeniis,
507 1923 576 1968 esse
600 1905 762 1987 quandam
784 1904 892 1968 iudioii
921 1921 958 1968 ao
980 1905 1154 1968 voluntatis
1186 1905 1430 1970 similitudinem

201 2153 292 2208 maeht
323 2153 406 2221 gilt“.
452 2151 516 2206 Eine
549 2151 788 2205 naebeiearonisehe
842 2150 930 2217 ortae]
953 2175 988 2195 =
1011 2152 1107 2206 mam
1125 2151 1161 2219 (d.
1180 2154 1341 2221 genanuten)
1363 2170 1430 2208 ora-

200 2242 348 2310 Wendung.
377 2241 437 2310 Vgl.
453 2242 500 2308 „in
515 2242 615 2294 incerto
629 2242 700 2306 est“,
715 2240 787 2294 Hist.
843 2245 934 2294 torum
959 2245 1045 2294 aetas.
1071 2270 1105 2279 -
1130 2231 1201 2295 Uber
1225 2241 1328 2298 Caesar
1351 2259 1371 2295 s.
1396 2259 1429 2296 zu

200 2331 222 2397 I,
241 2331 274 2386 31
293 2348 318 2385 u.
333 2335 356 2384 ὃ,
376 2359 409 2370 --
428 2331 472 2384 illi
486 2331 568 2400 parti
586 2329 726 2397 ammonis]
746 2330 788 2383 be-
842 2329 935 2395 alna.
951 2357 984 2368 -
999 2328 1056 2383 Von
1067 2329 1178 2386 Caelius
1187 2334 1248 2399 sagt
1258 2330 1348 2397 Quint.
1359 2331 1392 2397 X,
1405 2334 1430 2398 l,

199 2421 308 2474 eonders
328 2422 370 2485 18,
389 2422 433 2475 13:
453 2419 574 2486 „inillis
593 2433 703 2490 quoqne,
722 2436 787 2489 quoa
843 2417 906 2471 115:
921 2417 1428 2489 „multomingauiiiuCaelioetpraeei-

199 2510 299 2563 voeatis
317 2511 454 2580 antiquos,
473 2510 562 2580 plures
582 2509 679 2578 speeies
698 2509 786 2579 depre
840 2502 891 2576 pria
903 2507 929 2560 iu
943 2508 1152 2561 aestuationibus
1164 2508 1429 2563 multaurbanitas“.

199 2599 291 2665 heudi,
316 2615 363 2653 nee
382 2599 474 2652 statim
492 2598 609 2651 deterius
627 2613 697 2664 asse,
717 2598 786 2668 quod
881 2608 918 2650 to.
937 2596 1118 2663 Adstrtete'or]
1139 2597 1350 2665 „regelreehtar,
1371 2598 1430 2651 etil-

199 2688 330 2741 divarsum
343 2689 414 2742 est“.
442 2687 518 2740 Auoh
531 2687 575 2752 21,
592 2687 656 2740 lla.
677 2717 709 2725 -
730 2704 785 2756 praa
839 2685 1011 2753 geraehter“;
1036 2684 1211 2753 Gegeusttze:
1229 2687 1370 2753 remissos,
1390 2686 1430 2752 ef·

198 2777 280 2846 poesi
299 2776 422 2831 comibus
440 2773 530 2843 nisos]
548 2775 600 2828 Mit
616 2775 711 2828 diesem
727 2792 785 2828 vom
838 2772 933 2841 ferae,
957 2774 1098 2828 exsultans
1120 2791 1146 2827 u.
1165 2779 1189 2828 t.
1227 2773 1279 2829 Cle.
1299 2773 1331 2828 da
1350 2792 1386 2828 or.
1406 2774 1430 2840 Ι,

199 2869 305 2918 ernstan
323 2864 433 2934 Kampfe
452 2866 483 2930 (s.
503 2863 570 2917 Anu.
589 2863 634 2929 IV,
651 2865 699 2918 51:
719 2863 785 2930 „arl-
839 2862 905 2915 254:
921 2861 1087 2927 „adstrictus
1100 2865 1173 2916 oerta
1186 2863 1297 2932 quadam
1310 2879 1432 2916 numero-

199 2971 301 3008 versum
319 2953 469 3007 resistentis
487 2952 605 3006 eominus
623 2952 705 3016 niti“)
729 2956 785 3005 ent·
839 2967 898 3003 rum
911 2951 1088 3004 moderatione
1106 2956 1134 3004 et
1151 2951 1282 3021 pedum“;
1301 2951 1430 3018 111,1ra:

199 3043 307 3098 lohuteu
330 3042 406 3097 Bilde
430 3041 483 3095 will
500 3041 537 3096 M.
557 3058 651 3110 sagon,
677 3042 735 3096 daia
753 3042 784 3096 A.
840 3043 1070 3107 „uumaro...et
1083 3040 1211 3095 adstricto
1224 3045 1251 3094 et
1265 3041 1428 3095 soluto“.—

198 3131 324 3186 naehdem
347 3148 376 3185 er
398 3131 468 3184 aeine
491 3129 718 3202 SpiegalIeehtarai
742 3147 785 3184 um
840 3127 992 3197 aereosior]
1015 3129 1093 3182 Diese
1110 3127 1280 3197 Eigensohalt
1298 3129 1343 3182 das
1362 3129 1431 3183 Stilo

193 3221 249 3275 dan
274 3221 375 3289 Bagriff
399 3221 532 3288 antiquus
556 3224 606 3273 ete.
635 3220 786 3288 eingestallt
840 3217 943 3272 seheint
960 3219 1018 3272 dem
1033 3219 1203 3287 energisehen
1217 3217 1364 3274 Clraralrtor
1382 3219 1431 3272 des

199 3311 274 3377 habe,
285 3311 334 3363 mit
338 3309 424 3378 janam
432 3309 624 3377 anesttudnis
631 3309 786 3380 derHaupt
839 3309 869 3362 P.
885 3307 1015 3362 durohaus
1031 3325 1061 3361 zu
1076 3308 1266 3378 antepraeheu!
1285 3307 1344 3377 Vgl.
1359 3307 1431 3362 abri-

200 3399 277 3454 aaehe
286 3399 368 3453 uther
376 3401 497 3466 gatreteu
508 3399 553 3464 sei,
567 3399 623 3452 also
634 3440 648 3465 ‚,
654 3398 786 3467 gewisser-
839 3413 904 3465 gens
923 3398 966 3462 21,
985 3397 1055 3450 a4ff.
1075 3414 1100 3450 u.
1121 3396 1211 3462 Quint
1229 3397 1262 3456 X,
1280 3397 1430 3463 1,113.-

199 3488 320 3543 massen“
335 3487 439 3556 (quasi)
452 3487 501 3540 den
515 3487 681 3557 Nabalrampl
692 3489 786 3556 began·
840 3485 975 3553 amarior]
989 3486 1110 3552 „barben
1125 3487 1275 3553 strenger“.
1307 3483 1358 3540 Cio.
1370 3485 1429 3540 Aa.

199 3593 249 3632 neu
263 3577 338 3631 habe.
353 3605 386 3616 -
400 3575 520 3644 fatetur]
537 3599 572 3620 =
581 3577 736 3646 profitetur.
752 3605 785 3614 -—
839 3573 910 3640 XIV,
929 3575 971 3640 ⁶21,
991 3576 1021 3628 3:
1047 3573 1220 3639 „amariorem
1243 3591 1284 3628 ma
1307 3578 1431 3628 senectus

196 3667 292 3736 plures
315 3665 421 3731 sannas
445 3664 568 3732 dicendi]
597 3663 785 3731 „Stilarten“;
839 3663 932 3716 faeit“.
951 3692 986 3701 —
1003 3664 1116 3733 pravior
1128 3663 1252 3730 Brutus]
1271 3663 1322 3731 vgl.
1336 3661 1429 3728 Quint.

200 3755 247 3809 das
265 3754 384 3822 folgende
401 3755 477 3808 iuter
494 3770 522 3808 se
539 3753 786 3822 speeiedtfferont,
840 3751 906 3818 XII,
936 3753 981 3818 10,
1010 3753 1059 3806 11:
1088 3752 1228 3820 „gravitas
1254 3750 1364 3806 Bruti“.
1394 3781 1427 3790 -

200 3844 295 3898 drlielrt
313 3843 362 3896 dau
381 3842 499 3911 gleioben
519 3841 661 3898 Gedaukeu
680 3859 736 3896 aua.
752 3869 785 3881 -
841 3841 1001 3920 sanitatem]
1020 3840 1072 3896 Cio.
1088 3842 1165 3896 Brut.
1184 3842 1233 3896 51:
1254 3857 1432 3912 „omnemque

181 3925 283 3987 ¹etiom
361 3931 474 3999 aedom]
494 3931 594 3998 „sebon
675 3931 723 3985 wia
736 3931 787 3986 viel
840 3931 913 3984 illam
932 3930 1115 3985 salubritatem
1133 3931 1240 3985 Atticae
1260 3929 1382 3984 dictionis
1400 3935 1430 3983 at

199 4021 302 4076 mehr“.
339 4020 393 4074 Lis.
412 4019 473 4086 VII,
492 4021 536 4087 lo,
554 4022 585 4074 3:
612 4019 716 4085 „etiam
738 4037 786 4091 pro
840 4019 916 4090 quasi
934 4019 1074 4072 sanitatem
1093 4019 1246 4089 perderet“.
1267 4047 1300 4057 -
1315 4017 1430 4086 praese-

199 4111 287 4182 patna
367 4109 463 4163 uadum
482 4109 606 4164 adversus
625 4109 768 4180 patriam“.
838 4109 918 4176 rrmt]
937 4129 972 4152 ε
987 4123 1059 4178 prae
1077 4123 1105 4162 se
1122 4107 1227 4174 ferunt,
1246 4106 1293 4160 wie
1306 4103 1375 4159 Anu.
1390 4105 1429 4174 11,

240 4211 278 4253 ιο.
305 4198 443 4266 maeoseu]
470 4198 536 4252 auch
560 4197 627 4253 Aun.
647 4197 711 4264 XII,
736 4199 785 4260 44;
839 4197 888 4252 ὅδε
904 4200 1124 4263 „veteraruorum
1138 4195 1207 4250 laeta
1219 4194 1340 4265 dietaque
1354 4211 1429 4264 praa-

199 4289 241 4342 ein
260 4288 368 4342 ciceron.
388 4287 472 4354 Wort,
490 4287 566 4342 Brut.
581 4288 630 4342 84:
649 4286 786 4357 „ipsorum
840 4285 983 4339 ferentas“.
1021 4283 1104 4338 Sehon
1128 4281 1180 4338 Cio.
1205 4281 1281 4339 Rosa
1300 4284 1359 4338 Am.
1377 4284 1429 4338 ab:

198 4378 271 4432 inter
286 4377 356 4448 ipsos
370 4377 524 4431 eoncessu“.
543 4405 579 4414 -
597 4377 664 4430 boec
682 4381 785 4430 orator.
840 4373 999 4441 „arantium
1016 4372 1162 4442 praefers“.
