3098 4862
191 356 227 417 36
698 355 810 446 Cornelii
828 355 912 410 Taciti

190 519 321 585 notitiae
346 537 382 584 ao
403 517 542 583 nominis
567 519 624 594 est,
648 517 750 599 megia
768 517 904 582 arbitror
919 515 1095 581 earminum
1120 531 1217 595 quam
1240 515 1419 578 orationum

191 626 291 709 gloria
314 628 451 708 partum.
496 627 543 689 Ao
572 624 638 688 iarn
667 642 718 687 me
748 623 916 704 deiungere
946 621 1105 685 aterensi
1128 620 1234 684 labore
1259 613 1419 698 eonstitui,

191 752 249 798 nee
273 733 442 797 comitatus
465 732 543 794 istos
567 731 600 794 et
623 748 769 814 egressus
794 731 851 793 aut
873 728 1087 810 frequentiam
1111 727 1323 791 salutantium
1347 745 1420 791 eon-

192 839 326 921 oupiseo,
348 857 412 903 non
428 837 530 918 magis
548 855 645 918 quam
669 854 743 900 aera
767 837 799 900 et
814 834 977 916 imagines,
1002 852 1083 915 quae
1100 834 1198 898 etiam
1220 852 1271 898 me
1291 834 1419 898 nolente

151 944 380 1010 1eindomnm
408 961 514 1007 meam
541 943 740 1025 inruperunt.
785 941 871 1005 Nam
894 943 1016 1005 statum
1038 941 1204 1022 hueusque
1236 959 1273 1005 ao
1302 941 1421 1005 seouri-

191 1053 293 1116 tatem
322 1050 437 1115 melius
467 1049 648 1114 innocentia
672 1051 763 1112 tueor
794 1066 891 1129 quam
923 1048 1119 1129 eloquentia,
1153 1065 1212 1112 neo
1241 1065 1350 1111 vereor
1378 1066 1420 1111 ne

192 1157 270 1222 mihi
299 1175 455 1238 umquam
484 1155 580 1219 verba
610 1155 643 1219 in
675 1157 790 1220 senatu
818 1155 881 1219 nisi
911 1173 967 1237 pro
1001 1154 1132 1218 alterius
1164 1153 1344 1218 discrimine
1374 1153 1422 1218 fa-

193 1263 303 1329 oienda
328 1263 400 1326 sint.

141 1376 181 1437 12
282 1367 444 1446 „Nemora
473 1387 547 1433 vero
574 1370 607 1432 et
628 1369 693 1433 luei
717 1370 750 1434 et
774 1369 933 1432 secretum
955 1367 1076 1450 ipsum,
1107 1367 1190 1448 quod
1213 1371 1298 1450 Aper
1319 1367 1422 1431 inere-

192 1476 298 1559 pabet,
322 1476 447 1539 tantam
469 1475 549 1539 mihi
573 1475 723 1540 adferunt
748 1476 953 1558 voluptatem,
978 1475 1015 1538 ut
1037 1473 1121 1538 inter
1144 1475 1329 1556 praecipuos
1354 1492 1422 1538 oar-

192 1583 316 1647 minum
339 1582 464 1646 fruetus
487 1601 662 1658 numerem,
687 1582 772 1664 quod
794 1600 858 1646 non
881 1582 915 1646 in
939 1581 1075 1664 strepitu
1099 1581 1185 1645 urbis
1208 1599 1267 1645 neo
1290 1579 1420 1646 sedente

194 1692 268 1754 ante
292 1690 410 1754 ostium
434 1690 593 1771 litigatore
622 1707 682 1753 neo
708 1690 792 1752 inter
822 1687 931 1752 sordes
955 1707 992 1752 ao
1014 1687 1163 1752 lacrimas
1186 1705 1313 1751 reorum
1337 1705 1422 1751 oom-

170 1798 371 1880 eponuntur‚
395 1795 450 1861 sed
475 1795 594 1861 seeedit
617 1796 744 1859 animus
767 1794 800 1857 in
823 1794 893 1858 loea
915 1812 996 1876 pura
1020 1796 1116 1874 atque
1139 1793 1322 1858 innocentia
1344 1792 1422 1856 frui-

133 1985 138 1992 ·
234 1983 272 2026 1⁰.
286 1971 404 2026 notitiae
418 1989 452 2026 ue
465 1971 597 2039 nonee'ne'e]
616 1972 663 2025 wie
678 1973 721 2038 36,
737 1971 779 2026 18.
834 1969 931 2024 bereite
949 1969 1198 2039 Kdmpferstallung.
1227 1969 1278 2024 cie.
1295 1969 1423 2024 0r.129:

192 2060 311 2128 vg1.13‚
330 2061 359 2114 5:
380 2059 470 2130 „apud
484 2077 509 2130 p.
523 2060 556 2114 R.
571 2060 690 2114 notitie“
710 2059 780 2126 „Be-
835 2075 949 2126 „magno
968 2075 1069 2129 semper
1087 2058 1129 2112 usi
1151 2058 1252 2129 impetu
1277 2075 1353 2129 saepe
1378 2059 1423 2112 ad·

194 2148 372 2203 rtihmtheit“.
408 2148 440 2201 In
464 2148 562 2201 diesem
585 2149 677 2218 (pass.)
702 2146 780 2201 Sinna
833 2147 961 2201 versarios
989 2147 1021 2201 de
1045 2147 1127 2215 [statu
1154 2148 1223 2201 omni
1251 2147 1421 2201 deieeimus“.

194 2238 238 2304 (=
261 2238 365 2307 plenta)
392 2239 482 2291 zuerst
507 2237 549 2290 bei
573 2236 675 2307 Nepos,
704 2237 779 2291 Dion.
834 2235 896 2306 Top.
912 2237 959 2291 93:
980 2239 1090 2304 „status
1108 2236 1135 2289 in
1154 2253 1205 2306 quo
1224 2236 1366 2306 plurimum
1384 2237 1423 2290 in-

194 2328 219 2394 9,
238 2327 268 2393 4;
287 2327 362 2380 nieht
379 2326 421 2380 bei
440 2325 549 2391 Quintil.
569 2343 595 2381 u.
615 2326 682 2381 Plin.
711 2316 782 2380 Uber
835 2325 910 2379 sistit
927 2325 1003 2394 qussi
1021 2325 1054 2379 ed
1073 2326 1270 2396 repugnandum
1284 2341 1424 2394 congresse

194 2415 236 2469 die
254 2415 367 2469 beliebte
383 2415 657 2484 Zusammenstellung
675 2419 782 2470 stamm-
836 2413 981 2469 delensi0“.
1011 2443 1044 2454 -
1072 2414 1222 2484 tenensque]
1256 2415 1318 2481 „bis
1344 2415 1422 2483 jetnt,

194 2503 309 2572 gleioher
326 2504 418 2558 Worte
437 2521 457 2559 s.
477 2522 509 2558 zu
528 2505 570 2572 10,
591 2505 634 2560 23.
836 2503 966 2558 aelther“.
1016 2503 1095 2557 Diose
1132 2503 1340 2572 Zeitbedeutuug
1377 2504 1423 2557 des

232 2592 391 2662 detnnpere]
424 2593 625 2660 „losmaehen“,
658 2593 705 2646 wie
732 2610 782 2648 von
835 2592 941 2646 Wortes
959 2592 1044 2646 findet
1062 2593 1117 2647 sieh
1136 2593 1226 2646 frtiher
1239 2591 1321 2647 nieht.
1348 2592 1423 2646 Dooh

194 2680 277 2735 elnam
300 2681 393 2747 Joehe;
419 2681 479 2734 sehr
504 2681 617 2735 seltenes
642 2681 727 2735 Wort.
747 2711 781 2720 -
836 2681 887 2748 vgl.
906 2681 975 2735 Arm.
995 2680 1052 2748 XV,
1072 2681 1119 2736 54:
1145 2681 1230 2748 „illue
1254 2681 1368 2751 usque“.
1388 2711 1422 2720 -

196 2770 343 2826 eomitntns
366 2775 393 2822 et
417 2769 549 2838 apresens]
577 2787 598 2823 a.
618 2771 650 2836 6,
671 2771 704 2824 13
728 2769 781 2823 und
835 2769 1005 2836 innocentia]
1025 2768 1077 2824 Cio.
1097 2769 1129 2822 de
1147 2786 1184 2824 or.
1203 2769 1224 2837 1,
1243 2770 1308 2825 202:
1328 2770 1424 2837 „inno-

195 2860 223 2925 9,
244 2860 275 2912 9:
301 2857 429 2924 „deducit
446 2860 494 2911 aut
512 2858 614 2911 salutat
631 2861 679 2912 aut
696 2875 783 2928 prose-
836 2857 949 2910 seutiam
965 2857 1121 2913 iudiciorum
1139 2875 1222 2928 poena
1239 2858 1381 2912 liberare“.

195 2947 318 3017 quitur“.
345 2976 378 2984 —
406 2946 565 3015 frequentia
584 2947 781 3014 ealntnnte'nm]

195 3035 325 3090 Schwarm
346 3035 392 3088 der
405 3035 551 3101 Beaueher3
572 3036 605 3089 13
615 3052 638 3090 a.
648 3035 692 3090 ll:
713 3036 781 3102 „fre
871 3034 950 3103 Καρ.
972 3033 1019 3088 12.
1038 3035 1158 3090 Nemora
1176 3051 1240 3090 earo
1259 3034 1321 3104 ate]
1347 3034 1423 3089 Siehe

195 3124 277 3178 mitae
302 3124 508 3178 salutantium“.
537 3154 570 3162 —
598 3141 639 3179 me
662 3124 781 3193 nolente]
836 3125 895 3178 9e.
915 3123 944 3178 a.
969 3154 1003 3163 -
1028 3130 1055 3178 et
1072 3129 1204 3180 seeretnm
1222 3125 1325 3192 ipsam]
1347 3124 1423 3192 „und

194 3212 258 3267 Dies
283 3212 356 3266 Part.
381 3211 465 3266 findet
492 3212 548 3268 sieh
573 3215 629 3266 erat
653 3213 681 3266 in
705 3213 782 3267 naeh-
836 3212 931 3281 gerade
950 3213 991 3267 die
1009 3212 1201 3268 Einsamlreit“.
1227 3242 1262 3252 -
1289 3213 1424 3282 strepitus

195 3301 394 3369 augusteisoher
416 3301 475 3354 Zeit
502 3301 556 3355 und
583 3302 638 3355 last
665 3318 715 3355 nur
742 3302 783 3355 als
836 3301 924 3368 nrbe's]
943 3304 1027 3354 neunt
1043 3302 1109 3355 Mat.
1125 3301 1266 3370 dasjenige,
1285 3319 1339 3356 was
1352 3302 1423 3372 Aper

195 3389 276 3443 absol.
291 3389 350 3443 Abl.
371 3419 404 3428 -
424 3405 491 3443 nera
505 3395 531 3444 et
544 3390 689 3459 inopinos]
707 3390 783 3444 Hier·
836 3389 902 3461 Kap.
921 3390 938 3444 9
961 3406 984 3443 a.
1003 3389 1033 3444 ll.
1056 3406 1106 3444 von
1131 3389 1227 3443 seinem
1251 3389 1424 3461 Standpunlrt

195 3476 262 3530 naoh
281 3477 384 3531 seheint
401 3477 538 3532 Maternus
557 3478 654 3532 bereits
672 3479 715 3532 ein
737 3479 783 3532 lm·
836 3494 884 3531 sus
911 3477 951 3531 als
977 3477 1143 3532 incunditas
1169 3478 1247 3534 nrbe'e
1273 3479 1424 3533 bezeichnet

195 3565 323 3620 rulisohes
342 3565 408 3620 Amt
425 3566 557 3620 bekloidet
575 3583 607 3619 nu
624 3566 719 3621 haben.
836 3567 891 3620 het.
916 3593 949 3604 -·
974 3565 1011 3620 Zu
1029 3565 1138 3621 sedente
1156 3572 1223 3621 ante
1240 3567 1342 3622 osunen
1365 3569 1423 3623 1111-

235 3667 274 3708 re.
293 3655 325 3708 in
345 3654 454 3709 mmnm
471 3653 569 3722 meam]
587 3655 683 3709 Inden
701 3654 783 3708 histo
835 3655 941 3725 patore]
951 3655 1003 3722 vgl.
1013 3654 1077 3708 Hor.
1087 3655 1134 3725 llp.
1145 3655 1166 3722 1,
1177 3655 1202 3722 5,
1212 3656 1259 3710 31:
1271 3657 1362 3723 „etna
1371 3673 1424 3711 ser·

195 3743 298 3798 risoheu
326 3743 458 3798 Schriften
487 3743 623 3798 verbindat
651 3743 710 3798 Tae.
737 3744 781 3797 e'n·
836 3746 941 3798 vantem
960 3743 1110 3798 elieutem“.
1143 3743 1424 3812 11‚1‚104:‚,mane

195 3848 294 3902 rnmpe
311 3831 378 3901 (lig.)
396 3833 446 3886 mit
464 3832 523 3886 dem
541 3831 643 3886 blolsan
661 3831 754 3886 Aenus.
836 3832 912 3887 domo
926 3831 1041 3901 vigilare,
1056 3832 1146 3886 olionti
1159 3850 1275 3903 promere
1289 3833 1378 3888 iura“.
1389 3861 1423 3872 -

230 3925 333 3976 etntnm
440 3920 530 3990 tneor]
558 3921 611 3976 Cio.
636 3921 707 3975 Fam.
735 3921 781 3988 IX,
837 3921 1425 3989 enenaclaerimae]„Jammerundann

197 4011 238 4078 16,
255 4011 283 4064 6:
303 4027 372 4078 „ego
390 4027 431 4063 me
444 4027 496 4064 non
510 4014 600 4081 putem
615 4010 683 4065 tueri
697 4027 783 4064 meum
837 4012 919 4066 nen“.
947 4009 1085 4066 Gielam.
1100 4010 1171 4078 XIV,
1187 4011 1255 4077 22:
1277 4010 1380 4076 „ieeere
1395 4009 1423 4063 in

197 4101 298 4153 statum
322 4099 359 4152 sio
383 4116 459 4170 posse
486 4103 519 4153 ut
545 4099 628 4168 neque
656 4098 784 4154 offendam
837 4099 951 4153 lacrimis
969 4102 997 4152 et
1015 4098 1166 4153 sordibus“.

196 4188 312 4242 animum
339 4187 514 4258 nurusquem“
542 4191 591 4242 ete.
620 4217 654 4227 -
681 4188 783 4256 notus]
875 4201 898 4242 e.
912 4187 961 4243 sed
973 4187 1087 4256 secedit]
1102 4185 1324 4254 „vielmehr...“.
1343 4176 1424 4240 Uber·

196 4277 225 4332 in
249 4277 334 4332 dieser
358 4277 421 4332 Bed.
445 4278 484 4332 ist
510 4293 568 4332 vom
592 4276 784 4331 Feohterhand-
836 4293 908 4346 gang
929 4275 1053 4329 eusdem
1071 4275 1183 4330 Nebens.
1202 4275 1230 4329 iu
1253 4275 1304 4330 den
1320 4275 1426 4347 Haupt·

197 4367 267 4420 werlr
285 4367 420 4422 entlahnt:
447 4367 488 4421 die
510 4381 594 4435 gagen
613 4365 663 4419 den
680 4364 787 4434 Angritl
838 4368 902 4420 sete.
