3098 4862
529 313 649 382 dialogus
667 314 699 368 de
717 315 871 370 oratoribus.
909 332 930 369 c.
950 317 993 370 11.
1014 317 1054 370 12.
1368 308 1403 374 37

175 477 292 556 turque
323 474 452 539 sedibus
483 475 591 539 sacris.
636 475 725 540 Haeo
756 475 956 556 eloquentiae
985 477 1172 560 primordia,
1202 479 1281 543 haec
1309 497 1404 561 pene-

175 582 288 657 tralia3
320 581 380 646 hoc
401 581 543 664 primum
566 583 678 646 habitu
702 584 855 664 cultuque
879 583 1043 648 commoda
1065 585 1254 648 mortalibus
1284 586 1317 648 in
1346 586 1403 649 illa

175 689 265 753 casta
292 689 325 752 et
347 689 445 752 nullis
470 690 616 754 contacta
639 689 725 754 vitiis
748 691 879 773 pectora
900 689 1043 754 influxit:
1075 691 1120 755 sic
1143 692 1272 755 oracula
1294 692 1403 772 loque-

174 796 301 860 bantur.
352 794 437 858 Nam
468 796 611 860 lucrosae
642 796 738 860 huius
774 799 807 861 et
837 797 1058 878 sanguinantis
1090 798 1288 879 eloquentiae
1324 816 1401 861 usus

174 920 284 967 recens
309 903 342 966 et
364 901 458 966 malie
481 903 622 967 moribus
644 906 751 980 natus,
775 905 880 984 etque,
903 907 941 967 ut
965 906 1002 968 tu
1026 904 1161 981 dicebas,
1184 906 1277 987 Aper,
1300 905 1334 966 in
1357 904 1402 968 lo·
1415 931 1445 974 ro

175 1027 249 1073 cum
272 1009 500 1090 telirepertus.
539 1008 689 1074 Ceterum
713 1009 787 1074 felix
809 1010 889 1073 illud
914 1014 955 1088 et,
978 1013 1015 1074 ut
1038 1030 1124 1075 more
1148 1013 1256 1074 nostro
1280 1012 1401 1091 loquar,

175 1133 309 1181 aureum
333 1115 505 1191 saeculum,
529 1119 562 1179 ot
585 1119 748 1180 oratorum
772 1119 804 1181 et
828 1118 996 1181 criminum
1020 1118 1119 1200 inops,
1142 1118 1243 1200 poetis
1267 1119 1300 1181 et
1322 1117 1402 1182 vati-

175 1222 234 1286 bus
259 1222 457 1298 abundabat,
487 1223 542 1304 qui
564 1223 644 1287 bene
668 1223 753 1287 fecta
777 1227 942 1302 canerent,
971 1243 1035 1288 non
1068 1225 1121 1306 qui
1149 1225 1233 1288 male
1262 1223 1402 1287 admissa

175 1328 389 1394 defenderent.
440 1328 508 1394 Neo
541 1329 615 1392 ullis
648 1332 704 1393 aut
733 1331 834 1411 gloria
864 1331 965 1395 maior
1001 1333 1058 1394 aut
1092 1331 1259 1412 augustior
1293 1330 1401 1405 honor,

174 1436 313 1518 primum
338 1435 420 1518 apud
446 1435 536 1512 deos,
568 1454 703 1516 quorum
726 1435 866 1518 proferre
889 1455 1042 1520 responsa
1066 1439 1098 1500 et
1120 1438 1274 1501 interesse
1299 1437 1400 1519 epulis
1415 1465 1443 1505 rs

175 1542 373 1619 ferebantur,
404 1541 516 1606 deinde
547 1541 632 1624 apud
661 1543 732 1606 illos
762 1542 810 1606 dis
841 1543 964 1624 genitos
989 1562 1158 1624 sacrosque
1181 1561 1287 1624 reges,
1318 1543 1402 1606 inter

176 1667 254 1731 quos
278 1651 438 1713 neminem
461 1647 672 1724 causidicum,
703 1648 758 1712 sed
783 1647 910 1732 Orphea
933 1653 966 1714 et
988 1651 1105 1713 Linum
1129 1667 1179 1725 ac,
1204 1650 1231 1712 si
1253 1648 1402 1730 introspi-

175 1774 244 1819 cere
269 1756 365 1819 altius
388 1755 480 1831 velis,
510 1755 617 1837 ipsum
638 1755 817 1837 Apollinem
842 1758 1030 1840 accepimus.
1076 1755 1138 1820 Vel
1161 1755 1188 1821 si
1210 1756 1289 1820 haec
1312 1755 1402 1819 labu-

175 1862 243 1926 losa
265 1863 360 1926 nimis
384 1863 417 1926 et
441 1863 615 1945 composita
630 1862 787 1941 videntur,
810 1864 889 1928 illud
914 1866 998 1929 oerte
1021 1863 1101 1926 mihi
1124 1862 1285 1939 concedes,
1309 1865 1402 1944 Aper,

209 2038 289 2092 Haeo
368 2039 435 2093 bueo
507 2038 567 2108 boo]
585 2038 700 2092 Beaehte
719 2039 760 2092 dio
856 2053 893 2096 re.
918 2042 1047 2096 interesse
1065 2040 1165 2109 epulis]
1190 2038 1282 2092 Damit
1300 2037 1338 2091 ist
1355 2037 1402 2090 der

173 2127 304 2198 Anaphen
348 2125 435 2182 Germ.
462 2129 509 2195 18,
534 2131 575 2182 11.
601 2157 635 2167 -
660 2128 760 2182 tabita
814 2148 879 2200 enge
905 2131 1024 2184 Verkehr
1051 2130 1179 2183 awiechen
1207 2126 1320 2182 thtern
1347 2125 1401 2179 und

173 2215 761 2288 (8,15:„h.oorporis“)cultuque]„Ge-
814 2220 955 2274 Menschen
988 2221 1023 2273 im
1050 2219 1178 2286 geldonen
1205 2216 1332 2269 Zeitalter
1358 2215 1401 2267 be·

174 2306 241 2358 stalt
271 2305 326 2358 und
354 2303 498 2360 Gewand“.
544 2306 761 2361 Personililration
814 2311 939 2376 zeiohnet,
959 2310 985 2363 in
999 2309 1122 2362 walchem
1141 2306 1207 2360 auch
1222 2305 1290 2372 „der
1303 2303 1403 2370 Sdnger

175 2394 221 2448 der
248 2395 412 2464 eloquentia.
440 2424 473 2434 -
504 2395 653 2462 commoda]
684 2394 761 2462 „sich
813 2399 864 2452 mit
883 2399 941 2452 dem
959 2397 1093 2451 Fiirsten“
1113 2397 1184 2464 ging.
1212 2393 1278 2447 Deis
1292 2392 1402 2445 Dichter

174 2483 423 2546 einsehmeiohelnd,
453 2484 509 2537 sich
536 2484 760 2552 anbequemend“,
815 2487 976 2541 derVorzoit
989 2486 1237 2554 zuTischgenossen
1251 2479 1401 2534 deertter

175 2571 200 2626 d·
219 2572 245 2626 h.
264 2572 323 2625 dem
342 2573 433 2625 naiven
453 2572 623 2643 Standpunkt
647 2572 694 2625 der
717 2572 761 2625 da·
815 2577 927 2631 erheben
947 2575 1062 2641 worden,
1081 2575 1128 2628 wie
1147 2573 1211 2626 viele
1229 2571 1346 2635 Heroon,
1364 2568 1402 2620 ist

174 2661 287 2730 maligen
305 2661 454 2715 Mensohen.
486 2662 540 2716 Liv.
555 2661 676 2729 XXXIV,
691 2663 716 2729 3,
731 2662 760 2716 5:

174 2750 271 2816 „nulla
306 2750 347 2804 lex
379 2752 445 2804 satis
477 2751 611 2804 commoda
641 2751 761 2806 omnibns

175 2840 247 2893 est“.
268 2869 300 2877 —
321 2845 346 2894 et
359 2840 457 2906 nullis]
477 2843 547 2892 statt
559 2855 610 2894 orec
622 2841 690 2895 ullis
703 2841 761 2908 (uie

175 2926 202 2981 Z.
222 2929 262 2993 8);
288 2928 354 2981 auch
372 2929 407 2983 28
426 2945 449 2982 a.
468 2928 511 2982 n:
537 2932 587 2994 „et
604 2929 684 2982 nullis
703 2946 762 2999 pra·

175 3016 334 3070 vitatibus“.
377 3017 441 3085 Agr.
470 3018 515 3071 16:
541 3021 590 3084 „et
613 3018 694 3071 nullis
720 3019 762 3070 de-

174 3105 246 3158 lictis
264 3106 396 3160 invisns“.

210 3195 306 3262 buius]
326 3195 367 3247 die
380 3194 514 3263 heutigen,
528 3195 706 3263 gegenwirtig
719 3194 761 3246 be

174 3282 281 3337 liebten.
309 3312 346 3321 —
377 3284 563 3352 subpedaneo]
590 3283 633 3336 ein
659 3283 763 3336 starker

175 3370 328 3425 Ausdruclr:
349 3372 573 3438 ,‚bluttriefend“.

217 3472 254 3514 ιο.
273 3461 504 3527 autumaretur]
523 3461 560 3513 ist
577 3477 646 3528 ganz
664 3459 763 3512 sinnas·

175 3547 260 3616 gleich
274 3549 324 3601 mit
337 3549 475 3617 corruptis
488 3550 616 3603 moribus.

212 3638 371 3704 eriminum]
391 3662 422 3680 =
444 3637 617 3706 delictorum,
638 3641 763 3706 peecato-

175 3745 245 3782 rum.
265 3727 329 3780 Zum
340 3725 480 3781 Gedanken
490 3729 541 3796 vgl.
551 3728 631 3794 41,l:
647 3725 764 3794 „Quodsi

176 3817 338 3871 inveniretur
347 3816 436 3886 aliqua
444 3817 558 3871 civitas“
568 3820 618 3870 eto.
630 3845 663 3854 ·-
673 3817 764 3885 poetic

176 3905 333 3973 eicotibus]
349 3923 370 3959 s.
380 3923 412 3958 zu
422 3906 447 3972 9,
457 3906 482 3960 8.
498 3935 531 3943 -
545 3907 616 3959 male
630 3904 763 3971 admisso]

178 3996 227 4049 wie
245 3994 317 4050 Hist.
332 3996 378 4062 IV,
393 3996 441 4049 44:
461 4013 514 4062 „ne
533 3995 634 4048 cunctis
649 3995 698 4047 sub
712 3993 764 4047 Ne·

176 4101 238 4139 rone
248 4085 370 4138 admissis
380 4085 442 4138 data
451 4085 594 4154 impunitas
601 4084 763 4137 videretur“.

175 4175 244 4228 Ann.
259 4175 307 4242 XI,
321 4174 353 4228 4:
373 4175 425 4241 „de
444 4174 565 4228 admissis
580 4174 744 4245 Poppaeao“.

211 4267 302 4334 pluria
372 4265 468 4332 bonor]
489 4281 509 4318 s.
528 4266 572 4332 41,
594 4267 641 4319 11:
661 4265 765 4332 „honor

176 4355 360 4426 obscuriorque
377 4355 491 4424 gloria“.

815 2666 890 2718 nicht
902 2665 1061 2719 iiberlielert.
1088 2653 1244 2730 Uberhaupt
1257 2657 1326 2712 mule
1340 2672 1402 2709 man

815 2771 843 2808 es
856 2755 907 2807 mit
921 2754 980 2807 dem
991 2753 1055 2808 Sinn
1070 2753 1154 2806 dieser
1167 2749 1249 2803 Stella
1262 2746 1402 2814 (fabulosa

814 2845 909 2911 nimis)
929 2844 1004 2896 nicht
1022 2842 1091 2897 ellzu
1115 2844 1207 2907 strong
1230 2837 1348 2890 nahmen.
1368 2862 1401 2870 -

814 2934 889 2988 inter
907 2933 985 3002 quoe]
1012 2932 1060 2998 „in
1079 2931 1157 2983 deren
1177 2923 1401 2987 Gemeinsehalt“‚

815 3039 869 3090 erg.
883 3022 977 3087 fuisse.
998 3049 1030 3056 -
1049 3017 1153 3086 Mauo]
1171 3017 1209 3070 ist
1227 3016 1255 3068 in
1273 3013 1319 3066 der
1338 3012 1402 3065 Alte-

816 3114 876 3164 sien
894 3110 961 3178 Sego
985 3109 1027 3162 ein
1051 3105 1282 3172 Hirtenjiingling‚
1308 3101 1402 3154 dessen

815 3199 908 3252 frlihen
926 3197 982 3252 Tod
1000 3214 1069 3262 man,
1089 3195 1193 3250 dhnlloh
1213 3193 1260 3246 wie
1278 3191 1320 3243 bei
1333 3189 1403 3243 Ado-

815 3288 865 3354 nis,
884 3287 935 3341 mit
952 3286 1097 3355 klagenden
1111 3284 1216 3336 Weisen
1234 3282 1340 3346 besang.
1368 3278 1401 3330 In

816 3376 922 3430 Theben
946 3376 999 3429 und
1025 3374 1109 3443 Argos
1132 3373 1183 3441 gab
1207 3387 1235 3424 es
1262 3367 1402 3421 besondero

816 3456 1059 3532 llberlieferungen3
1079 3479 1126 3516 aus
1145 3461 1203 3514 dem
1222 3460 1258 3512 im
1271 3453 1403 3510 Iinoslied

817 3556 982 3623 besungenen
1006 3553 1102 3606 Hirten
1127 3549 1214 3604 wurde
1239 3549 1279 3600 ein
1304 3545 1403 3610 Singer

816 3643 958 3714 gbttlicher
966 3644 1167 3708 Abstammnng,
1178 3637 1290 3690 weleben
1301 3632 1402 3704 Apollo,

816 3735 867 3788 mit
891 3734 950 3786 dem
974 3749 1002 3785 er
1027 3731 1082 3784 sich
1105 3730 1133 3782 in
1156 3728 1231 3781 einen
1250 3722 1403 3777 Wettstreit

817 3823 987 3891 eingelassen,
997 3824 1089 3874 tibtote.
1106 3847 1136 3856 -
1153 3812 1345 3884 introspicere]
1360 3811 1404 3863 ab·

818 3912 903 3966 solut:
928 3911 1024 3977 „einen
1042 3909 1161 3962 Einbliclr
1186 3905 1285 3968 thun“,
1309 3902 1337 3954 in
1362 3899 1404 3952 dio

818 3999 998 4055 Geheimnisse
1017 3999 1063 4052 der
1076 3995 1244 4066 Mythologie.
1274 3992 1341 4044 Anu,
1356 3987 1403 4052 VI,

817 4090 864 4143 21:
885 4091 1033 4158 „qnantum
1053 4084 1247 4154 introspiceret,
1271 4078 1355 4145 magis
1374 4091 1405 4128 ao

817 4179 901 4246 magis
920 4177 1070 4247 trepidue“.
1094 4210 1129 4219 -
1154 4171 1251 4237 altius]
1276 4167 1403 4234 ,‚tieler“,

818 4267 843 4320 d,
862 4267 889 4320 h.
908 4269 998 4320 weiter
1016 4267 1043 4319 in
1062 4265 1103 4318 die
1121 4261 1228 4316 Vorzeit
1246 4258 1349 4312 zuriiclr.

853 4354 1014 4424 composita]
1038 4348 1170 4425 prignant
1187 4351 1242 4403 rur:
1270 4347 1405 4414 „willier-
