3092 4878
509 379 629 447 dialogus
647 379 679 432 de
697 379 853 434 oratoribus.
891 396 912 433 e.
932 379 975 433 35.
994 379 1037 432 36.
1350 375 1388 436 89

154 543 216 606 hus
240 542 273 605 et
294 542 493 605 moderatore
516 559 579 604 uno
604 540 784 604 carentibus
808 542 936 604 tantum
961 540 1095 620 quisque
1119 540 1226 604 orator
1249 539 1386 622 saperet,

157 651 315 730 quantum
339 649 459 712 erranti
481 648 597 730 populo
620 647 812 729 persuadere
835 648 968 730 peterat.
1015 647 1098 710 Hinc
1121 646 1207 727 leges
1239 645 1385 710 assiduae

157 757 190 818 at
212 755 363 836 populare
391 773 521 830 nemen,
551 754 626 817 hino
655 753 817 818 contiones
846 753 1096 834 magistratuum
1125 770 1225 834 paene
1255 770 1386 835 pernoc-
1400 770 1432 813 ro

156 861 297 924 tantiam
325 861 359 923 in
389 860 517 937 rostris,
546 859 621 923 hinc
651 860 868 925 accusationes
897 861 1078 942 potentium
1109 877 1235 924 reorum
1267 861 1300 922 et
1332 859 1387 922 ad-

158 968 301 1048 signatae
333 967 430 1031 etiam
459 966 604 1030 domibus
634 966 834 1043 inimicitiae,
863 966 937 1029 hinc
966 984 1134 1049 procerum
1162 963 1318 1028 factiones
1354 966 1387 1029 et

158 1074 287 1138 assidua
317 1075 448 1138 senatus
479 1072 631 1137 adversus
661 1073 786 1156 plebem
815 1073 999 1137 certamina.
1050 1071 1139 1150 Quae
1170 1072 1296 1153 singula
1326 1071 1387 1135 etsi

158 1179 380 1244 distrahebant
402 1198 471 1243 rem
493 1179 669 1262 putham,
699 1179 886 1242 exercebant
908 1181 1017 1242 tamen
1047 1179 1176 1242 illorum
1205 1180 1387 1260 temporum

158 1286 373 1367 eloquentiam
397 1289 429 1350 et
452 1286 577 1367 magnis
601 1286 766 1350 cumulare
786 1285 935 1368 praemiis
951 1285 1149 1362 videbantur,
1174 1285 1249 1366 qnia
1266 1287 1387 1366 quanto
1401 1301 1433 1343 rs

158 1395 294 1474 quisquc
317 1393 391 1475 plus
412 1390 542 1456 dicende
565 1393 700 1474 poterat,
725 1394 814 1455 tanto
837 1391 961 1455 facihus
984 1391 1118 1456 honores
1143 1391 1387 1472 adsequebatur,

158 1501 249 1562 tanto
272 1499 375 1580 magis
398 1499 431 1561 in
454 1498 532 1580 ipsis
554 1493 727 1563 honeribus
752 1499 889 1579 collegas
913 1517 986 1573 suos
1011 1499 1167 1575 anteibat,
1196 1499 1287 1561 tante
1314 1497 1387 1580 plus

159 1605 245 1689 apud
267 1605 425 1688 principes
450 1605 580 1685 gratiae,
603 1605 676 1688 plus
701 1604 900 1668 auctoritatis
925 1604 1009 1687 apud
1026 1605 1143 1687 patrea,
1166 1605 1238 1686 plus
1254 1604 1387 1668 notitiae

159 1731 197 1776 ae
219 1711 356 1776 nominis
380 1711 465 1794 apud
488 1711 614 1794 plebem
637 1711 781 1794 parabat.
826 1711 870 1773 Hi
893 1711 1048 1775 clientelis
1078 1710 1175 1774 etiarn
1205 1713 1388 1775 exterarum

158 1819 326 1882 nationum
349 1816 581 1893 redundabant,
603 1818 661 1881 hos
685 1817 764 1881 ituri
786 1817 819 1880 iu
848 1817 1027 1899 provincias
1056 1817 1267 1898 magistratus
1298 1834 1387 1880 reve·
1400 1833 1434 1877 ao

159 1925 328 2002 rebantur,
357 1925 414 1988 hos
444 1925 563 1988 reversi
593 1925 754 1997 colebant,
788 1924 846 1988 hos
877 1926 909 1987 et
938 1926 1107 2006 praeturae
1139 1925 1172 1987 et
1202 1924 1388 1987 consulatus

160 2023 392 2096 vecare'ultro
427 2029 633 2106 videbantur,
667 2031 702 2094 hi
734 2049 775 2094 ue
809 2030 927 2113 privati
963 2029 1091 2111 quidem
1127 2030 1193 2094 sine
1229 2031 1389 2112 potestate

160 2141 261 2217 erant,
285 2158 359 2204 cum
383 2139 416 2202 et
437 2137 592 2221 populum
622 2139 655 2201 et
684 2140 833 2202 senatum
863 2137 1050 2202 concilicet
1080 2136 1270 2200 auctoritate
1301 2154 1390 2216 rege·

161 2351 260 2404 konnte
279 2349 335 2403 sich
349 2350 432 2403 daron
450 2350 621 2417 tiherzeugen.
641 2378 674 2387 —
694 2365 749 2402 orn·

160 2439 255 2506 aeliae]
288 2438 397 2492 welches
429 2436 540 2492 Genus?
586 2437 612 2492 S.
641 2438 689 2504 21,
718 2438 749 2491 ⁸2:

162 2528 376 2598 ‚,quibusdam“;
395 2528 439 2594 38,
459 2529 488 2581 6:
509 2528 649 2593 ,‚vetara“.

199 2616 318 2683 maante]
343 2616 424 2669 durch
450 2615 553 2682 40,18
578 2633 624 2682 ‚,n.
648 2632 750 2685 quoque

161 2707 263 2767 civitas,
283 2707 364 2759 donec
381 2705 499 2759 erravit“
519 2707 568 2758 etc.
589 2704 696 2757 erkldrt.
715 2730 749 2740 —

162 2795 238 2862 biae]
263 2795 310 2847 Bai
328 2795 408 2861 binc,
426 2793 493 2848 inde
511 2793 566 2846 und
583 2792 750 2846 vernandten

161 2884 298 2937 Partiheln
320 2883 359 2936 ist
376 2883 418 2936 dia
435 2881 601 2950 Auslaseung
625 2882 670 2934 des
688 2881 750 2935 Pra

163 2972 359 3040 dikatshegriffa
375 2971 501 3038 ,‚werden,
516 2972 676 3034 entsteheu“
691 2970 751 3024 sehr

162 3060 260 3129 hiufig.

204 3162 243 3204 re.
259 3155 286 3204 ci
295 3149 445 3220 populare]
465 3156 491 3204 et
505 3150 660 3220 explihativ:
675 3148 752 3216 „und

164 3239 275 3292 daher“.
311 3239 403 3292 Durch
423 3239 623 3292 vollsttimliche
642 3237 752 3292 Geretae

164 3328 269 3382 machte
282 3345 343 3381 man
359 3328 414 3381 sich
424 3329 530 3381 heliabt.
546 3357 576 3366 -—
590 3343 681 3396 paene
687 3343 751 3397 per-

163 3423 234 3472 noct.
244 3417 277 3470 ia
290 3416 398 3485 rostris]
412 3417 548 3471 Variation
558 3417 629 3470 eines
638 3433 688 3471 ven
699 3415 751 3471 Cic.

164 3506 297 3560 mehriach
315 3506 492 3574 gebrauchten
516 3507 624 3559 starken
642 3505 751 3575 Tropua.

164 3595 233 3648 Mur.
243 3596 290 3648 21:
307 3595 354 3661 „in
364 3595 419 3649 foro
429 3593 586 3661 habitant“;
599 3595 676 3648 Brut.
686 3593 752 3648 305:

166 3683 214 3750 ‚,h.
233 3684 261 3736 in
279 3683 410 3750 rostrie‘⁵;
429 3683 461 3736 da
480 3700 517 3738 or.
535 3684 557 3749 I,
577 3684 642 3737 264:
662 3683 753 3750 „hin

166 3771 320 3826 subselliis“
349 3789 375 3826 u.
400 3777 423 3826 ὃ.
467 3772 526 3840 Vgl.
551 3773 675 3840 librigens
700 3771 752 3827 Cic.

165 3861 241 3916 Tuae.
261 3862 292 3929 V,
312 3863 360 3916 69:
387 3861 524 3928 „animum
543 3879 601 3914 cum
620 3861 663 3915 his
681 3861 754 3914 habi·

166 3954 268 4004 tantem
304 3953 552 4020 pernoctantemque
586 3951 686 4004 curis“.
720 3977 752 3986 -

167 4041 356 4095 accuratiores
375 4044 434 4108 pot.
452 4039 573 4106 reorum]
599 4039 665 4092 auch
683 4039 753 4093 Anu.

165 4128 212 4195 XI,
228 4129 258 4182 ὃς
278 4145 392 4195 ,‚saevus
406 4128 558 4182 accusandis
572 4128 661 4194 reia“;
679 4128 755 4181 haine

167 4219 216 4286 aig.
231 4217 385 4286 Tautelogie
404 4233 492 4286 wegen
507 4218 553 4270 der
567 4216 755 4271 Grundhedau-

167 4309 237 4376 tuug
260 4325 310 4361 von
333 4323 405 4361 reue.
449 4307 513 4360 Zum
537 4305 677 4360 Gadanlren
702 4306 754 4374 vgl.

166 4397 212 4463 37,
228 4397 276 4450 14:
297 4396 458 4462 ‚,aecadebat
476 4395 598 4466 splendor
611 4412 713 4449 reorum
728 4397 756 4448 et

803 2349 957 2416 magnitudo
976 2348 1143 2401 causarum“.
1168 2377 1201 2385 -
1227 2347 1391 2416 adsapaare]

804 2437 844 2490 als
863 2437 1027 2490 technisehor
1039 2435 1180 2489 Ausdruch
1198 2436 1244 2488 der
1258 2435 1390 2490 Gerichts·

804 2525 912 2595 sprache
925 2525 998 2578 hed:
1013 2525 1198 2594 anfjemandas
1207 2524 1308 2578 Numen
1318 2525 1393 2577 iiber·

804 2617 905 2683 magen,
924 2614 966 2668 fiir
976 2614 1038 2682 jem.
1053 2613 1191 2668 anneisen.
1215 2604 1308 2667 Ubere.
1328 2613 1394 2679 „dia

804 2703 860 2756 sich
878 2703 914 2756 im
932 2719 1030 2770 ganzen
1044 2701 1073 2756 F.
1088 2703 1255 2755 vererhten“.
1276 2732 1308 2739 —
1324 2716 1392 2769 pro·

804 2807 894 2846 aarum
918 2791 1064 2858 factiones]
1092 2791 1277 2861 ‚,Spaltungen
1299 2789 1327 2842 in
1347 2788 1395 2842 der

804 2880 1001 2951 Adelspartai“,
1026 2881 1113 2934 indam
1136 2881 1221 2948 einige
1239 2879 1394 2946 Ehrgeizige

805 2986 852 3022 aus
872 2969 930 3022 dem
943 2969 1011 3022 Adel
1029 2970 1056 3022 in
1075 2970 1133 3022 dam
1148 2967 1339 3037 Standekampf
1350 2967 1395 3020 dia

804 3058 894 3112 Partai
913 3058 959 3110 der
977 3058 1095 3124 Plebejer
1112 3058 1242 3125 ergriiien.

846 3159 885 3200 re.
913 3147 1065 3214 principes]
1095 3146 1158 3213 „die
1188 3144 1329 3200 Greisan“.
1359 3172 1393 3182 -

805 3236 923 3290 notitiae
942 3251 976 3289 oc
993 3235 1125 3303 nemina]
1145 3252 1166 3289 s.
1187 3253 1218 3288 zu
1238 3235 1280 3300 11,
1302 3233 1342 3288 10.

806 3325 848 3392 bt]
868 3341 902 3379 sc.
917 3325 1028 3394 antiqui
1047 3329 1178 3391 oratores,
1196 3323 1293 3376 welche
1311 3321 1394 3374 durch

807 3419 910 3482 quaero
929 3415 1042 3482 quisque
1060 3418 1170 3482 poterat
1188 3410 1327 3480 geutigend
1350 3427 1395 3463 au-

805 3504 933 3573 gadautet
950 3503 1017 3557 sind.
1038 3532 1071 3541 -
1095 3502 1229 3556 clientelis
1248 3501 1331 3554 etiam
1349 3515 1397 3553 aa·

807 3598 929 3648 terarum
960 3592 1120 3658 nationum]
1153 3591 1260 3644 hiermit
1292 3589 1397 3642 scheint

807 3682 873 3735 Mat.
898 3681 945 3734 auf
960 3680 1044 3751 Apars
1063 3680 1166 3746 Worte,
1192 3679 1257 3749 Kap.
1277 3678 1294 3732 3
1312 3695 1336 3731 a.
1355 3677 1396 3744 a,

808 3770 987 3840 anzuspielen:
1013 3786 1094 3836 „cum
1119 3771 1146 3822 te
1171 3771 1213 3822 tot
1236 3767 1395 3821 coloniarum

808 3861 835 3912 et
862 3859 1062 3929 municipiorum
1089 3857 1224 3911 clientelae
1257 3857 1283 3909 in
1310 3856 1396 3908 forum

808 3949 929 4014 rooent“,
961 3947 1047 4000 indem
1078 3963 1108 3999 er
1135 3945 1181 3998 der
1207 3943 1398 3998 Wirksamhait

807 4037 861 4090 und
880 4035 1065 4090 Beriihmtheit
1083 4035 1129 4088 des
1152 4034 1257 4088 antihen
1277 4032 1397 4086 &dhare

808 4125 864 4180 aine
883 4125 986 4178 weltere
999 4124 1182 4192 Auadehnung
1199 4123 1280 4191 gicht,
1299 4122 1339 4174 als
1358 4121 1399 4174 sie

808 4211 1397 4282 inderGeganwartiiberhauptmdglichwar.

847 4315 888 4358 20.
916 4303 1030 4358 canalio
1061 4308 1086 4356 ct
1118 4301 1297 4368 auctoritate]
1330 4300 1398 4353 auch

810 4391 896 4446 Germ.
918 4394 959 4446 12.
