3092 4878
170 281 208 342 98
658 281 769 339 Cornelii
787 283 871 338 Taciti

173 445 341 528 spoliatam
370 447 602 526 vexatamque?
647 445 747 526 Atqui
780 445 895 510 melius
924 445 1038 512 fuisset
1071 464 1135 510 non
1170 447 1260 527 queri
1296 465 1394 528 quam

172 552 333 618 vindieari.
378 550 470 631 Quod
494 553 521 616 si
543 551 738 616 inveniretur
761 551 868 634 aliqua
891 553 1017 630 divitas,
1046 553 1080 616 in
1104 571 1167 634 qua
1196 570 1291 618 nemo
1319 571 1393 636 peo-

172 661 267 736 earet
291 675 505 742 supervaouus
529 659 614 722 esset
638 658 644 672 '
669 659 719 722 ter
740 659 923 724 innoeentes
947 661 1053 724 orator
1077 659 1160 724 siout
1182 659 1266 724 inter
1297 677 1391 724 sonos

172 765 323 831 meditus.
354 762 538 843 Quomodo
561 765 669 830 tamen
692 765 861 830 minimum
883 784 961 830 usus
984 765 1215 846 minimumque
1231 765 1391 848 prodeatur

131 889 225 936 noers
249 871 405 937 medentis
428 871 525 936 habet
546 871 580 934 in
602 871 641 935 iis
665 872 821 952 gentibus,
845 889 926 954 quae
949 872 1133 936 firmissima
1148 871 1330 938 valetudine
1355 891 1392 939 ao

173 978 390 1043 saluberrimis
421 977 601 1060 eorporibus
631 979 783 1055 utuntur,
813 979 858 1044 sio
886 979 990 1044 minor
1018 980 1180 1044 oratorum
1209 979 1308 1043 honor
1338 981 1393 1045 ob-

172 1085 356 1166 souriorque
379 1084 479 1166 gloria
502 1086 552 1148 est
573 1084 657 1148 inter
679 1084 776 1149 bonos
799 1102 902 1150 mores
926 1087 959 1150 et
981 1085 1014 1149 in
1037 1085 1223 1167 obsequium
1251 1088 1371 1168 regent'

170 1194 309 1276 paratos.
354 1189 437 1270 Quid
463 1192 572 1254 tamen
596 1207 673 1272 opus
698 1191 747 1254 est
769 1191 872 1273 longis
901 1192 935 1256 in
964 1193 1076 1256 senatu
1107 1192 1286 1270 sententiis,
1317 1211 1391 1260 oum

172 1298 283 1382 optimi
306 1298 367 1362 oito
390 1296 609 1362 consentiant?
654 1294 738 1375 Quid
761 1298 871 1363 multis
895 1297 980 1380 apud
1008 1299 1161 1381 populum
1184 1299 1391 1378 contionibus,

130 1425 245 1471 rreum
268 1404 307 1469 de
330 1422 364 1468 re
387 1403 514 1486 publiea
536 1422 599 1467 non
621 1403 760 1486 imperiti
783 1405 933 1469 etmulti
963 1405 1152 1482 deliberent,
1182 1405 1238 1470 sed
1267 1407 1391 1489 supien-

171 1512 316 1576 tissimus
339 1512 372 1574 et
395 1511 502 1574 unus?
534 1507 618 1588 qma
640 1509 828 1575 voluntariis
852 1511 1113 1588 aoousationibus
1137 1530 1211 1576 oum
1231 1514 1299 1577 tam
1318 1531 1391 1578 raro

172 1619 295 1682 ettam
317 1634 411 1699 paroe
433 1617 605 1698 peoeetur?
651 1613 735 1694 Quid
757 1616 919 1682 invidiosis
950 1619 983 1683 et
1011 1617 1232 1682 exoedentibus
1259 1619 1391 1686 modum

146 1721 418 1799 ”defensionibus
442 1740 515 1787 oum
538 1721 706 1788 elementia
736 1724 953 1805 cognomentis
983 1724 1107 1788 obviam
1137 1724 1390 1806 periclitantibus

172 1831 248 1894 eat?
295 1827 435 1905 Credite,
458 1828 569 1911 optimi
593 1831 625 1894 et
653 1829 687 1892 in
717 1831 874 1911 quantum
902 1847 982 1912 opus
1012 1832 1062 1894 est
1092 1829 1293 1896 disertissimi
1322 1832 1391 1910 viri,

210 2089 232 2128 s.
251 2075 348 2130 melias
365 2073 475 2143 fideret]
499 2075 613 2144 gleieher
631 2073 754 2130 Gedanlre
807 2076 849 2143 in]
866 2076 912 2130 wie
921 2075 993 2130 Hist.
1003 2075 1049 2143 IV,
1058 2077 1106 2130 32:
1122 2094 1168 2147 ‚‚p.
1183 2078 1211 2132 iu
1225 2094 1266 2131 ros
1280 2079 1391 2147 novas“,

171 2164 215 2230 37,
230 2163 278 2217 18:
297 2161 391 2230 ‚‚Quae
408 2164 478 2218 mula
491 2163 561 2217 ment
574 2179 627 2218 non
639 2163 754 2218 arridere
807 2164 874 2218 naoh
890 2164 963 2234 Virg.
982 2162 1054 2218 Aen:
1065 2163 1100 2231 H,
1116 2166 1164 2220 61:
1184 2166 1232 2232 „in
1250 2169 1392 2237 utrumque

170 2251 264 2306 melius
277 2251 348 2305 est“.
376 2249 428 2306 Cio.
439 2251 471 2306 de
480 2269 506 2306 n.
516 2252 541 2307 d.
552 2251 602 2319 111,
612 2253 661 2308 81:
676 2268 754 2322 ,‚pro·
806 2245 948 2323 paratus‘t

170 2340 256 2394 biberi
273 2339 366 2394 melius
384 2340 435 2395 luit
452 2340 635 2412 impedirique,
659 2357 692 2395 ne
843 2343 932 2412 leobio
950 2342 982 2395 aba
999 2357 1054 2398 seo.
1072 2342 1226 2411 sententiis]
1244 2343 1299 2398 Der
1313 2344 1391 2398 Dieb-

172 2445 250 2499 quam
262 2429 349 2500 ipsum
362 2429 501 2500 aliquando
513 2445 608 2500 poenas
618 2429 709 2484 dare“.
720 2459 753 2470 -
807 2434 849 2485 ter
861 2431 928 2486 Met.
945 2431 995 2486 hat
1012 2430 1079 2484 aueh
1092 2431 1150 2486 bier
1162 2431 1245 2486 ideale
1259 2432 1392 2487 Zustt'nde

170 2518 225 2572 Der
237 2517 314 2587 Konj.
328 2518 371 2573 bei
383 2519 488 2586 melios,
502 2535 629 2588 aequm
643 2519 754 2589 mom
806 2520 843 2573 im
856 2519 948 2586 Sinne;
962 2519 1043 2574 daber
1057 2520 1116 2574 sind
1129 2520 1199 2574 disse
1212 2520 1303 2575 Worts
1316 2521 1390 2575 nieht

171 2613 211 2663 est
229 2624 254 2662 u.
269 2613 292 2661 b.
311 2607 449 2678 imperson.
464 2607 634 2663 Ausdrliolren
651 2608 689 2663 ist
706 2609 753 2662 sel·
807 2609 978 2664 unvereinbar
989 2608 1040 2662 mit
1049 2609 1096 2662 der
1105 2609 1152 2662 auf
1157 2608 1199 2662 die
1206 2609 1328 2664 lrtiberon
1336 2609 1390 2663 fal·

171 2700 225 2752 ten.
256 2695 319 2764 (cto.
338 2695 403 2751 Cato
421 2713 457 2750 m.
470 2695 518 2751 82:
538 2713 644 2764 „nonne
661 2696 754 2752 melius
807 2697 909 2752 tisnhen
924 2696 1105 2752 Verhttltnisse
1123 2696 1290 2764 berbgliehen
1307 2695 1390 2750 Stella

170 2785 254 2840 multo
267 2785 361 2840 luisset
427 2784 622 2852 traducere?“)‚
634 2769 754 2852 'lrtufiger
807 2785 842 2840 36
855 2802 878 2840 a
888 2785 933 2840 n:
953 2802 1034 2852 „eum
1051 2801 1142 2856 panim
1160 2785 1230 2837 esset
1247 2784 1275 2836 in
1293 2785 1386 2836 senatu

170 2875 213 2928 bei
229 2889 314 2944 posse,
333 2873 427 2928 debere
444 2876 494 2928 ete.
806 2873 920 2928 breviter
938 2875 1061 2929 oensere“
1081 2875 1129 2926 ete.
1161 2871 1237 2925 Denu
1249 2871 1387 2926 Mutamus

207 2961 308 3032 mmm]
327 2961 403 3017 stellt
421 2961 467 3016 der
480 2959 616 3016 Aunubme
629 2959 698 3016 blois
711 2977 754 3031 ge-
808 2962 861 3016 will
883 2962 931 3017 das
948 2963 1096 3017 offentliobe
1113 2961 1211 3027 leben,
1235 2961 1283 3014 wie
1300 2977 1329 3014 es
1351 2959 1389 3014 im

171 3052 292 3120 dauhtar,
316 3051 494 3120 unmoglioher
516 3049 647 3106 Zustdnde
665 3049 753 3118 (allge-
807 3050 905 3105 letnten
922 3050 1103 3106 Jabrhundert
1120 3050 1167 3105 der
1184 3049 1316 3121 Republik
1334 3049 1390 3104 siah

171 3141 269 3196 meiner
294 3140 447 3212 physiseher
473 3139 526 3194 und
551 3138 681 3194 sittlieher
705 3137 754 3194 Ge-
806 3140 960 3208 gestaltete,
988 3139 1147 3209 keineswegs
1174 3140 1214 3194 ale
1244 3142 1327 3194 etwas
1356 3155 1390 3193 an

172 3230 321 3298 sundhoit),
346 3229 387 3284 die
405 3228 597 3298 Vergleiohung
613 3227 754 3296 miglieher
807 3227 863 3282 sioh
886 3228 1131 3298 Begehrenswertes
1153 3227 1308 3296 hinstellen,
1333 3244 1392 3282 son·

169 3316 753 3386 (relativbester)Verbbltuissegegenllber.-
807 3316 871 3371 dem
895 3333 947 3372 nur
969 3315 1011 3370 die
1033 3316 1062 3370 in
1084 3316 1233 3370 demselben
1254 3315 1390 3386 liegeuden

170 3406 376 3476 nimirumque]
409 3421 470 3482 que,
489 3405 645 3475 explikatir:
678 3404 754 3472 „und
807 3404 994 3474 Bodingnmgen
1011 3404 1053 3458 idn
1068 3403 1110 3458 die
1123 3404 1202 3459 Bltite
1216 3405 1392 3459 einerminn·

171 3494 311 3550 deshalb“.
806 3493 891 3548 liuban
923 3492 978 3547 und
1009 3493 1163 3547 wirlsamen
1194 3492 1392 3548 Beredsamlreit

211 3594 249 3637 ro.
268 3581 389 3651 satiaber]
407 3597 465 3640 vom
477 3581 615 3636 leiblioben
628 3580 752 3649 Zustond‚
806 3582 974 3636 nnmweisen.

171 3671 219 3725 wie
231 3670 303 3725 Hist.
312 3671 344 3738 V,
355 3672 384 3726 6:
399 3686 527 3741 ,‚oorpora
538 3669 672 3724 bominum
685 3669 754 3724 solu·
845 3684 885 3726 rs.
908 3667 1080 3740 ooqaoeeeas]
1099 3669 1307 3724 substantiviseb
1324 3669 1390 3724 ureb

170 3759 263 3826 bria“;
281 3759 350 3814 Anu.
368 3758 405 3826 ll,
419 3759 468 3814 33:
487 3757 649 3827 „salubritas
667 3774 754 3830 eorpo-
806 3758 866 3814 Tae.
885 3756 1035 3826 Gebrauob3
1059 3774 1080 3812 s.
1104 3757 1170 3812 oben
1181 3757 1391 3825 abdicantium

171 3848 261 3903 rum“.
288 3847 364 3902 Auoh
381 3847 423 3902 bei
440 3847 537 3902 livius.
555 3875 589 3888 -
607 3848 694 3902 bonor
805 3848 938 3919 regentia
951 3847 1036 3902 iernen
1047 3846 1166 3915 marim,
1179 3846 1326 3915 adsistens,
1339 3864 1391 3902 oa·

168 3935 272 4007 eloris]
289 3935 337 3990 orie
354 3934 490 3992 delicat.
507 3937 595 4004 11,1:
615 3935 752 4005 „glorism
807 3935 898 4005 dim,
916 3935 1023 4006 dmm,
1041 3935 1160 4002 deam,
1179 3934 1292 4003 dorem
1306 3950 1391 4004 proe-

170 4025 301 4092 bonorem,
314 4024 481 4096 imperium“.
508 4023 568 4094 Vgl
582 4025 648 4080 oben
660 4025 704 4094 26,
719 4026 753 4081 10
807 4025 913 4096 oipim
930 4042 956 4081 u.
970 4041 995 4080 a
1008 4041 1043 4080 ur.

171 4113 226 4170 und
243 4114 287 4182 41,
305 4114 354 4170 22:
380 4113 461 4181 „nm
479 4115 509 4168 et
524 4112 639 4182 glorie‘t
664 4141 699 4153 -
721 4114 754 4168 in
841 4114 874 4168 irs
896 4117 1031 4182 mm
1054 4126 1125 4182 optas
1151 4110 1202 4178 eet]
1230 4109 1320 4164 mweit
1346 4107 1392 4163 suf

166 4203 326 4274 obsequium
338 4203 456 4273 rorentis
465 4199 597 4272 parator]
611 4199 752 4258 Germffl:
807 4201 865 4256 dem
886 4199 1077 4256 bemmirrkten
1098 4197 1178 4253 Ilelde
1201 4197 1244 4251 die
1265 4196 1324 4251 Ber.
1344 4212 1391 4252 rur
1453 4187 1456 4196 ¹

167 4308 256 4364 „erge
277 4307 351 4362 reges
369 4290 550 4362 obsequium“.
575 4318 609 4330 -
630 4295 754 4360 omnem
806 4288 964 4358 mudum
980 4289 1087 4362 kqmmt.
