3092 4878
148 295 186 354 dl
659 293 773 349 Cornelii
790 293 875 347 Taciti

107 457 243 533 rabant,
274 474 355 537 quae
386 455 483 519 animi
513 455 672 520 anxietate
705 453 880 536 contingit;
915 472 1030 536 parum
1065 456 1115 518 est
1150 472 1282 536 aegrum
1316 470 1381 517 non

150 581 238 628 esse:
262 561 378 626 fortem
401 563 434 627 et
456 562 579 626 laetum
603 564 635 626 et
658 561 798 626 alacrem
821 561 899 625 volo.
945 559 1046 643 Prope
1070 560 1162 624 abest
1185 560 1225 624 ab
1248 557 1382 624 infirmi-

151 671 228 747 tate,
251 669 284 732 in
308 687 370 750 quo
395 669 462 732 sola
485 667 607 732 sanitas
630 666 790 732 laudatur.
829 665 895 730 Vos
919 666 1084 742 vetorini
1108 665 1319 742 disertissimi,
1342 667 1381 729 ut

151 776 303 859 potestis,
341 776 379 838 ut
413 773 534 850 facitis,
572 774 743 838 inlustrate
780 772 946 837 saeculum
982 774 1129 846 nostrum
1164 771 1380 854 pulcherrimo

151 880 422 964 generedicendi.
468 879 553 944 Nam
580 882 613 944 et
641 881 689 958 te,
711 879 879 956 Messalla,
910 879 1000 944 video
1030 879 1206 944 laetissima
1235 895 1381 960 quaeque

107 988 358 1070 noantiquornm
381 987 578 1064 imitantem,
603 990 635 1051 et
657 1005 728 1064 vos,
751 986 897 1051 Materne
922 1003 958 1050 ao
980 985 1139 1063 Secunde,
1162 986 1208 1049 ita
1231 985 1383 1066 gravitati

153 1112 307 1160 sensuum
329 1093 466 1158 nitorem
489 1094 521 1157 et
545 1093 668 1158 cultum
692 1093 858 1157 verborum
881 1093 1039 1170 miscetis,
1070 1111 1107 1156 ea
1131 1092 1241 1156 electio
1271 1091 1383 1156 inven-

152 1201 262 1278 tionis,
285 1201 312 1264 is
336 1200 411 1266 ordo
435 1219 551 1276 rerum,
576 1218 621 1275 ee,
645 1200 791 1281 quotiens
816 1217 913 1264 causa
935 1199 1045 1282 poscit,
1069 1199 1208 1275 ubertas,
1233 1215 1279 1275 ea,
1303 1216 1383 1279 quo-

152 1307 236 1371 tiens
260 1307 433 1389 permittit,
456 1307 611 1384 brevitas,
633 1306 661 1370 is
685 1305 919 1388 compositionis
943 1305 1051 1382 decor,
1082 1324 1119 1370 ea
1149 1304 1382 1370 sententiarum

152 1413 292 1497 planitas
317 1415 374 1490 est,
399 1413 444 1477 sio
467 1413 643 1495 exprimitis
667 1412 821 1487 adiectae,
845 1413 890 1477 sic
913 1413 1094 1476 libertatem
1117 1411 1321 1493 temperatis,
1343 1413 1382 1474 ut

109 1539 142 1582 as
155 1520 253 1584 etiam
277 1519 303 1583 si
325 1521 435 1583 nostra
456 1519 574 1584 indicia
596 1519 779 1600 malignitas
803 1521 836 1584 et
859 1519 978 1584 invidia
1001 1519 1185 1596 tardaverit,
1209 1537 1320 1583 verum
1343 1516 1383 1582 de

155 1627 243 1692 vobis
266 1626 383 1691 dicturi
406 1626 470 1690 sint
493 1626 612 1710 posteri
633 1626 761 1690 nostri.“

99 1737 146 1798 24
246 1731 335 1812 Quae
371 1752 444 1798 cum
474 1736 559 1816 Aper
591 1732 736 1809 dixisset,
771 1732 1049 1814 ‚,adgn0seitisne“
1083 1733 1188 1814 inquit
1217 1719 1383 1796 Maternus

157 1839 248 1917 „vim
271 1841 304 1903 et
328 1839 473 1903 ardorem
496 1839 574 1922 Apri
597 1839 723 1903 nostri?
770 1838 839 1918 Quo
863 1841 1013 1916 torrente,
1038 1857 1099 1920 quo
1121 1839 1245 1922 impetu
1276 1853 1385 1902 saecu·

156 1946 225 2011 lum
249 1947 396 2010 nostrum
420 1945 578 2010 defendit!
626 1944 731 2025 Quam
754 1946 877 2028 copiose
901 1965 938 2010 ac
960 1946 1046 2011 varie
1070 1946 1195 2011 vexavit
1219 1945 1384 2027 antiquos!

158 2051 285 2130 Quanto
308 2071 371 2115 non
396 2052 499 2116 solum
521 2052 647 2134 ingenio
673 2071 709 2116 ao
733 2053 856 2135 spiritu,
880 2053 934 2117 sed
959 2053 1056 2118 etiam
1075 2053 1251 2117 eruditione
1268 2055 1300 2117 et
1315 2053 1384 2116 arte

130 2159 197 2223 aab
228 2158 304 2242 ipsis
335 2159 503 2223 mutuatus
534 2161 599 2236 est,
633 2178 690 2242 per
720 2177 801 2240 quae
831 2178 904 2223 mox
926 2159 1012 2242 ipsos
1041 2159 1234 2224 incesseret!
1280 2158 1385 2223 Tuum

198 2365 236 2407 ro.
261 2351 421 2420 infantione]
447 2353 498 2406 mit
523 2352 573 2408 den
597 2351 662 2407 Gen.
686 2368 744 2408 cor·
834 2351 913 2420 Kap.
933 2351 984 2407 24.
1022 2351 1196 2423 adquiescere]
1216 2352 1263 2406 wie
1282 2353 1306 2418 l,
1324 2353 1366 2408 19.

152 2442 233 2514 poris
252 2441 314 2496 oder
331 2441 502 2497 ualetudinis
520 2441 684 2509 verbunden,
702 2442 745 2496 be
836 2441 953 2509 imaeue]
981 2458 1039 2495 vom
1067 2441 1268 2509 „Redestrom‘¹
1296 2440 1386 2510 hinfig
1503 2465 1508 2472 ·

156 2530 250 2586 deutet
273 2529 309 2584 im
332 2531 412 2584 lilaea.
431 2529 524 2584 Latein
543 2548 593 2585 nur
612 2530 745 2601 „Unptse-
797 2531 956 2599 gebraucht‚
981 2529 1023 2584 bei
1041 2529 1130 2585 Cicero
1152 2530 1314 2599 gewdhnlich
1336 2530 1386 2584 mit

155 2617 296 2672 lichlxeit“.
329 2617 355 2672 S.
370 2617 494 2685 auch20,
511 2619 540 2672 1:
560 2619 626 2686 „ini¹
646 2619 745 2672 valetu·
799 2619 882 2673 ciuem
901 2617 1011 2674 Genetiv
1034 2619 1088 2672 und
1110 2619 1161 2673 mit
1178 2620 1260 2688 pacet
1278 2619 1387 2672 verbun-

109 2699 111 2706 ’
156 2705 256 2761 dinis“.
293 2706 341 2760 Bei
359 2706 461 2759 Plinius
477 2706 525 2777 Ep.
539 2706 572 2774 X,
592 2708 617 2774 6,
638 2708 653 2762 1
673 2707 746 2762 steht
800 2707 1084 2772 den;s.Einl.S.14.
1111 2707 1175 2762 Hor.
1191 2707 1247 2762 Sat.
1262 2706 1283 2774 1,
1299 2707 1323 2774 7,
1338 2708 1385 2762 27:

155 2810 186 2848 es
209 2794 307 2848 bereite
330 2794 372 2848 fiir
390 2795 431 2847 ein
451 2793 606 2849 echworeroe
624 2794 746 2849 Unwohl-
800 2795 976 2864 „ditigatoris
1000 2796 1094 2862 oratio)
1117 2796 1211 2851 ruebat
1234 2795 1330 2850 flumen
1355 2799 1387 2850 ut

158 2883 223 2949 sein,
242 2885 331 2954 opiter
349 2899 415 2952 gana
486 2884 604 2939 mrtem.
800 2885 968 2939 hibernum“.
1000 2885 1046 2940 Bei
1066 2885 1115 2940 den
1130 2885 1256 2956 Sptteren
1274 2885 1312 2939 ist
1330 2889 1385 2940 tor·

199 2971 253 3027 Vos
270 2971 345 3040 varo]
363 2971 428 3026 Jene
441 2972 645 3027 verkntcherten
659 2971 747 3027 Alter·
799 2989 863 3028 reae
881 2974 922 3029 ein
941 2991 1007 3043 genn
1025 2974 1168 3044 geltuiiger
1185 2974 1294 3044 Tropue.

158 3061 264 3127 tlimler,
284 3061 379 3114 welche
398 3061 517 3116 wertlose
533 3061 644 3116 Formen
662 3061 746 3131 eigan-
839 3063 951 3133 Quanto
1038 3064 1206 3132 incessereti]
1230 3063 1315 3118 Nicht
1337 3080 1389 3118 nur

157 3149 248 3217 ainnig
265 3149 421 3216 sesthalten,
447 3149 507 3204 sind
525 3150 646 3220 uniihig,
672 3151 746 3206 einen
802 3150 897 3207 Geist
914 3152 969 3207 und
986 3151 1087 3206 Fauor
1105 3153 1277 3220 (angeborene
1295 3151 1388 3221 Eligen-

159 3238 291 3306 krliitigen
314 3237 414 3292 Aulam
436 3255 467 3292 zu
492 3238 617 3306 nehman3
641 3240 688 3294 auf
710 3240 748 3294 eie
802 3241 939 3309 sebasten),
959 3241 1072 3296 eondern
1089 3241 1156 3294 auch
1172 3241 1316 3310 Bildung
1333 3240 1389 3298 und

160 3326 228 3380 kann
248 3343 309 3380 man
327 3327 369 3380 bei
388 3326 434 3380 der
447 3326 577 3396 geistigon
589 3327 684 3382 Arbeit
701 3346 748 3383 un·
802 3330 864 3384 tiele
874 3329 1136 3385 Gelehrsamlreit
1148 3332 1209 3397 (von
1221 3330 1277 3384 ihm
1289 3329 1389 3384 schein·

159 3431 231 3468 seror
249 3414 308 3468 Zeit
331 3415 406 3469 nicht
429 3415 549 3470 rechnen.
587 3415 663 3483 „Aur
682 3415 749 3472 auch
802 3420 850 3474 bar
867 3418 1112 3487 geringgeschittate
1126 3418 1224 3487 Dinge;
1244 3435 1265 3474 a.
1280 3417 1347 3489 Kap.
1361 3420 1389 3485 2)

159 3502 224 3556 abor
241 3502 337 3557 rechue
354 3502 397 3557 ich
416 3503 484 3559 ...“.
801 3508 851 3562 hat
873 3506 945 3578 Aper
969 3507 1097 3561 bawieson
1124 3507 1178 3560 und
1203 3524 1270 3562 nwar
1293 3507 1389 3575 genade

199 3602 239 3646 ao.
266 3608 300 3646 ea
324 3592 419 3647 electio
442 3592 623 3662 inventionis]
652 3594 694 3648 ein
719 3610 749 3648 ao
803 3595 885 3650 durch
899 3595 940 3650 die
949 3594 1009 3662 Art,
1024 3595 1070 3649 wie
1084 3611 1113 3649 er
1126 3595 1173 3649 das
1187 3597 1390 3666 geistigaitdat·

159 3678 323 3746 gilicklicher
355 3677 425 3734 Griff
453 3680 481 3734 in
513 3681 560 3735 der
591 3681 671 3736 Wahl
702 3682 748 3737 das
803 3701 868 3754 reug
881 3684 928 3738 der
941 3684 1021 3738 Alten
1036 3684 1179 3752 entlehnte,
1194 3702 1239 3740 um
1253 3685 1290 3740 sie
1305 3685 1390 3740 scibat

159 3767 264 3840 Stoffee,
293 3797 326 3806 -
348 3767 487 3839 planitas]
511 3770 553 3823 ein
577 3774 653 3824 sonat
675 3771 749 3825 nicht
803 3773 887 3827 drmit
908 3773 1082 3841 ancugreifen.
1106 3801 1140 3812 —
1164 3775 1219 3828 Ani
1238 3774 1280 3828 die
1299 3773 1390 3830 Worte

161 3856 373 3912 vorkommondes
396 3855 486 3911 Wort:
514 3857 650 3926 Klarheit,
677 3859 750 3914 Fass-
803 3862 914 3932 impertio
939 3877 973 3916 ac
993 3862 1099 3930 spirita
1121 3863 1159 3916 iet
1180 3868 1326 3918 mutuatae
1350 3869 1391 3918 cet

160 3943 278 3998 lichlxeit.
311 3944 371 4014 Vgl.
389 3944 442 4001 Cic
457 3945 520 4016 Top.
534 3946 582 4001 el:
601 3949 749 4015 „narratio·
803 3951 936 4005 natlirlioh
954 3968 1005 4005 nur
1022 3951 1199 4020 zeugmatisch
1213 3969 1245 4005 uu
1258 3950 1388 4006 beziehon.

160 4048 208 4086 nea
226 4036 258 4087 ut
275 4033 368 4103 planae
387 4033 471 4089 sint“.
803 4038 866 4092 Man
884 4055 938 4105 erg.
958 4039 1033 4094 einen
1052 4039 1155 4108 allgem.
1170 4039 1247 4108 Begr.
1267 4039 1390 4094 wicram

200 4132 242 4176 ao.
260 4120 424 4190 malipna‘tae
438 4127 465 4177 at
477 4122 603 4192 invidia]
623 4123 748 4197 vgidgr.
804 4127 869 4196 opit,
888 4127 995 4182 omues
1013 4133 1059 4184 aet.

161 4211 217 4264 41:.
230 4210 417 4278 ,malignitate
431 4215 460 4265 et
472 4211 583 4280 livore‘⁴,
601 4212 706 4281 Histl,
722 4217 749 4268 1:
843 4228 866 4270 s.
884 4216 920 4270 ab
937 4217 1007 4286 ipsis
1070 4216 1154 4285 ipsos]
1173 4215 1391 4272 nachdriiclxliche

162 4299 343 4368 „obtrectatio
361 4303 390 4355 et
407 4299 503 4356 livor“.
804 4303 1021 4373 Wiederholung,
1047 4304 1094 4358 wic
1117 4305 1149 4372 8,
1168 4306 1216 4361 21:
1243 4305 1321 4377 „ipso
