3092 4878
162 380 198 442 54
670 382 782 438 Cornelii
800 382 884 438 Taciti

164 545 262 609 tietur
285 545 341 609 illa
363 544 521 610 immensa
544 545 720 623 volumina,
751 562 832 626 quae
856 563 912 628 pro
935 544 978 609 M.
1001 543 1104 608 Tullio
1127 545 1184 609 aut
1206 545 1288 609 Aulo
1313 543 1392 610 Gae-

139 651 235 716 vcina
263 651 423 734 legimus?
469 651 652 716 Praecurrit
681 651 740 716 hoo
769 653 913 734 tempore
942 651 1037 716 iudex
1065 651 1239 727 dicentem,
1270 653 1302 715 et
1328 651 1392 716 nisi

164 760 221 822 aut
251 777 347 822 cursu
377 760 640 841 argumentorum
669 759 726 822 aut
748 757 850 822 colore
878 757 1111 822 sententiarum
1140 758 1197 821 aut
1226 757 1328 822 nitore
1359 760 1392 822 et

164 865 254 929 cultu
269 864 518 948 descriptionum
541 863 696 929 invitatus
720 865 753 928 et
776 864 945 946 corruptus
969 865 1027 940 est,
1051 866 1225 928 aversatur.
1263 863 1390 946 Vulgus

165 989 290 1054 quoque
314 971 539 1036 adsistentium
567 972 600 1036 et
629 969 772 1034 adfluens
802 971 835 1034 et
864 988 965 1052 vagus
995 970 1121 1034 auditor
1150 968 1297 1034 adsuevit
1325 970 1391 1034 iam

164 1077 287 1160 erigere
319 1078 475 1142 laet'tiem
505 1079 538 1142 et
560 1076 831 1160 pulchritudinem
855 1075 1021 1151 orationis:
1051 1095 1111 1142 nec
1140 1075 1242 1158 magis
1272 1075 1391 1160 perfert

125 1183 196 1248 rein
225 1184 349 1248 iudiciis
380 1184 506 1249 tristem
537 1185 569 1248 et
598 1184 758 1266 impexam
792 1182 1034 1263 antiquitatem,
1070 1199 1167 1264 quam
1198 1182 1226 1246 si
1256 1181 1328 1265 quis
1357 1181 1391 1246 in

165 1307 279 1355 scaena
300 1290 407 1355 Roscii
430 1291 487 1354 aut
509 1289 676 1373 Turpionis
698 1288 837 1354 Ambivii
860 1289 1032 1371 exprimere
1057 1291 1167 1370 gestus
1190 1287 1276 1353 velit.
1319 1288 1391 1353 Iam

164 1465 214 1520 den
238 1465 437 1520 verschiedenen
460 1465 579 1520 Rechten
601 1465 749 1534 (Erbrecbt
803 1463 851 1518 her
868 1464 981 1518 braucht
998 1469 1146 1520 audactae·
1159 1463 1234 1519 nicht
1247 1464 1334 1518 direht
1347 1464 1393 1519 arri

163 1553 357 1608 Handelsrecht
370 1571 396 1609 u.
412 1572 432 1610 s.
449 1556 491 1620 vv.)
509 1555 537 1610 in
552 1554 750 1608 verschiedenen
805 1551 939 1609 dicantem
957 1570 989 1607 au
1008 1553 1100 1622 gehen.

163 1642 332 1698 Turmularen
356 1642 487 1712 abgefaist
514 1643 610 1699 warde.
638 1671 671 1682 -
695 1659 751 1712 pro
840 1641 966 1710 adfluens
984 1647 1011 1697 at
1028 1640 1125 1712 capus]
1154 1642 1202 1695 ab·
1220 1641 1274 1697 und
1293 1644 1391 1696 ausud-

232 1733 307 1786 Aulo
331 1731 463 1802 Caecina]
487 1731 557 1787 Dort
579 1735 641 1802 sagt
663 1731 751 1788 Cicero
803 1731 889 1785 mend.

165 1821 248 1875 selbot
274 1821 351 1892 (liap.
382 1823 438 1888 10):
471 1821 516 1889 „si
547 1822 614 1876 forte
646 1822 751 1876 videbor
845 1831 883 1874 ιο.
908 1819 1044 1889 impactae]
1068 1819 1262 1874 sinnvervvandt
1279 1819 1330 1874 mit
1346 1819 1391 1875 iva·

164 1909 245 1964 ultim
262 1909 366 1964 initium
386 1910 424 1964 rei
443 1909 660 1965 demonstrandae
684 1910 750 1981 peti·
804 1912 938 1978 comptae,
965 1908 1104 1975 incultae,
1132 1907 1265 1963 torridae
1290 1907 1391 1974 (tristia

163 1999 215 2052 isse
234 2015 312 2068 quam
330 2016 371 2052 me
389 1998 457 2052 ratio
482 1999 547 2052 iuris
628 1999 749 2068 coegerit,
804 2013 830 2050 u.
848 1996 981 2051 horridae
1003 1997 1073 2051 verb.
1094 1995 1184 2062 Quint.
1203 1996 1264 2064 XII,
1285 1997 1326 2063 10,
1346 1996 1392 2062 28)

164 2103 260 2157 quaeso
284 2090 316 2141 ut
339 2086 505 2156 ignoscatis“
531 2090 581 2142 etc.
619 2086 663 2144 Or.
686 2089 749 2143 102:
804 2086 904 2139 kommt
922 2085 949 2139 in
968 2085 1053 2140 dieser
1071 2085 1146 2140 bildl.
1166 2085 1323 2154 Bedeutung
1340 2102 1392 2140 nur

165 2179 245 2243 „tota
261 2176 326 2229 mihi
344 2192 422 2229 causa
435 2192 483 2246 pro
497 2175 606 2231 Caecina
620 2176 652 2230 de
665 2176 750 2231 verbis
804 2191 838 2228 an
861 2191 969 2229 unserer
987 2173 1069 2229 Stella
1095 2191 1154 2241 vor;
1180 2175 1265 2229 libers.
1291 2191 1392 2242 „unge-

163 2263 298 2319 interdieti
315 2265 380 2332 iuit3
399 2281 442 2319 res
459 2265 591 2318 involutas
606 2264 750 2320 definiendo
804 2263 886 2332 sdilig,
906 2263 1002 2318 rauh¹‘.
1031 2263 1091 2332 Vgl.
1111 2263 1162 2319 cio.
1182 2263 1215 2317 de
1234 2280 1270 2318 or.
1289 2263 1311 2330 I,
1326 2264 1391 2319 234:

164 2353 364 2424 explicavimus,
399 2354 440 2408 ius
472 2354 546 2408 civile
578 2355 749 2422 laudavimus,
805 2352 900 2419 „cuius
923 2356 1008 2406 artem
1032 2369 1091 2406 eum
1114 2352 1261 2406 indotatam
1283 2369 1340 2406 esse
1364 2355 1393 2408 et

164 2444 242 2496 verba
260 2443 381 2512 ambigua
400 2444 600 2499 distinximus“.
803 2441 962 2512 incomptam
980 2441 1116 2508 videres“;
1141 2441 1192 2508 III,
1211 2443 1258 2496 98:
1279 2441 1329 2509 „in
1348 2458 1392 2496 an·

202 2545 224 2586 a.
245 2549 329 2588 ceusu
348 2533 585 2602 argumentorum]
604 2533 686 2587 durch
700 2531 749 2587 den
805 2531 886 2600 tiquis
905 2530 1001 2585 fabulis
1019 2531 1065 2584 illo
1083 2530 1141 2601 ipso
1164 2530 1270 2584 horrido
1295 2531 1392 2585 obsole-

164 2620 273 2674 raschen
292 2619 368 2690 Gang
386 2621 432 2675 der
449 2622 675 2690 Beveisidhrung,
694 2623 750 2676 also
805 2621 884 2689 toque
902 2620 1068 2674 teneamur“.
1096 2647 1126 2657 -
1151 2636 1202 2675 mc
1225 2621 1315 2689 mepte

164 2709 215 2763 den
232 2709 303 2764 Kern
323 2710 369 2764 der
387 2710 466 2765 Reda.
487 2741 520 2750 -
540 2709 649 2780 emaus]
674 2716 750 2782 prtg·
804 2709 898 2778 quam]
914 2709 1030 2776 „ebenso
1040 2707 1124 2776 venig
1138 2749 1159 2762 ..
1171 2748 1178 2762 .
1192 2707 1232 2762 als
1243 2709 1392 2763 vvonn“.-

164 2801 243 2865 nant,
268 2799 315 2852 wie
333 2799 375 2852 bei
394 2797 446 2854 Cic.
466 2797 511 2855 Or.
530 2800 598 2854 212:
623 2816 750 2867 „cursum
803 2796 932 2865 Rosciae]
958 2797 1004 2852 der
1021 2797 1109 2866 grosse
1127 2796 1323 2868 &hauspielen
1342 2814 1392 2852 von

163 2886 279 2954 (reaches
293 2885 400 2958 Tempu)
415 2887 595 2942 contentiones
613 2888 698 2956 magis
712 2904 751 2942 re-
804 2887 926 2941 vvelchem
945 2885 1056 2941 Crassus
1074 2885 1115 2940 bei
1134 2884 1186 2941 Cic.
1206 2885 1238 2940 de
1252 2903 1289 2941 or.
1302 2886 1324 2954 1,
1339 2887 1392 2942 130

165 2975 303 3044 quirunt“.
323 3005 355 3014 -
377 2976 550 3031 colorarent.
631 2975 749 3048 deserp-
805 2979 878 3044 sagt:
898 2975 1050 3043 „videtisne
1070 2991 1148 3046 quam
1167 2975 1233 3029 nihil
1247 2976 1280 3029 ab
1295 2991 1325 3029 eo
1340 2975 1392 3030 nisi

165 3063 283 3134 bonum]
307 3063 412 3132 „durch
429 3065 566 3134 geistvolle
583 3064 751 3136 Aussprliche
804 3063 929 3135 perfecte,
954 3065 1020 3119 nihil
1039 3065 1090 3118 nisi
1108 3080 1167 3117 cum
1190 3080 1292 3119 summa
1314 3081 1392 3119 venu-

164 3154 220 3207 nnd
246 3154 404 3221 blendende,
432 3154 610 3210 larbonreiche
637 3154 751 3209 Schilde·
805 3157 876 3208 atate
894 3152 956 3221 hat,
975 3153 1026 3207 nisi
1044 3153 1096 3220 ita,
1121 3155 1152 3206 ut
1170 3153 1274 3220 deceat,
1299 3157 1328 3208 et
1351 3153 1393 3207 uti

164 3243 295 3311 rungen“.
339 3241 523 3312 Gegenstdnde
551 3243 597 3298 der
623 3243 751 3298 letzteren
805 3259 894 3296 omnes
912 3245 1015 3297 moveat
1038 3246 1118 3313 atque
1137 3241 1295 3296 delectet?“
1331 3241 1391 3311 Vgl.

163 3331 237 3400 giebt
255 3331 344 3388 Cicero
367 3349 416 3400 an,
434 3331 496 3404 Top.
516 3333 563 3388 83:
589 3332 751 3403 „descriptio
806 3331 867 3386 124.
888 3332 947 3386 129.
968 3360 1000 3371 -
1019 3331 1077 3384 Wie
1096 3330 1165 3398 dort,
1184 3347 1212 3384 so
1227 3331 1265 3384 ist
1278 3330 1344 3385 auch
1358 3347 1393 3385 an

227 3421 312 3490 qualis
331 3421 367 3474 sit
387 3438 478 3489 varus,
497 3421 583 3491 qualis
601 3423 752 3476 assentator
805 3437 913 3474 unserer
930 3419 1013 3474 Stella
1037 3420 1084 3473 der
1108 3419 1191 3474 bloise
1211 3417 1392 3474 Geschlechts·

164 3511 301 3579 ceteraque
326 3509 441 3564 eiusdem
466 3511 583 3580 generh,
609 3511 637 3565 in
656 3511 751 3580 quibus
805 3525 880 3563 name
898 3512 1000 3578 gasetzt
1018 3509 1058 3562 als
1076 3509 1214 3577 gentigend
1232 3509 1274 3562 bei
1288 3507 1393 3562 Truth-

164 3600 261 3651 natura
278 3600 307 3652 et
321 3598 377 3652 vita
391 3598 577 3654 describitur&
607 3599 672 3653 Zum
686 3599 752 3652 Aus-
805 3613 878 3665 nuug
896 3596 966 3650 einer
984 3597 1167 3651 allhehannton
1188 3597 1294 3652 Person.
1327 3596 1391 3667 Agr.

165 3685 247 3741 druch
260 3688 312 3756 vgl.
327 3687 403 3741 Brut.
419 3689 484 3744 170:
503 3688 676 3755 „urbanitate
690 3705 752 3758 qua·
808 3687 849 3753 10,
863 3687 888 3740 9.
916 3684 991 3740 Aueh
1010 3685 1056 3739 der
1074 3685 1158 3740 bloise
1171 3686 1294 3740 Beiname
1307 3685 1393 3740 reicht

164 3775 225 3829 dam
249 3776 324 3846 quasi
348 3777 464 3831 colorata
487 3777 600 3832 crutid‘.
638 3776 752 3831 Beaehte
805 3774 845 3829 ult
858 3790 913 3828 aus.
934 3804 966 3814 -
985 3774 1019 3829 L.
1031 3775 1175 3829 Ambiuiue
1189 3773 1305 3845 Turpio]
1325 3774 1393 3829 aeia

165 3863 206 3918 die
224 3863 413 3920 Assillabation
430 3865 458 3920 in
477 3865 527 3920 den
540 3865 650 3920 Worten
669 3882 753 3921 cursa
805 3880 915 3932 genosse
928 3863 974 3918 dea
988 3863 1089 3918 ditarem
1103 3862 1176 3931 Cato,
1190 3864 1336 3933 gleiehialls
1350 3864 1392 3918 ein

228 3953 314 4010 colore
394 3955 472 4010 cultu
546 3960 702 4024 corruptus.
717 3984 751 3994 -
806 3952 1026 4022 hervorragender
1044 3951 1226 4023 Schauepieler
1243 3953 1298 4007 und
1311 3952 1393 4008 Thea·

165 4042 312 4110 inuitatus]
331 4043 474 4112 gleichsam
488 4043 633 4112 angeloelrt,
652 4061 752 4112 gewon-
806 4042 936 4110 terleiter,
964 4042 1074 4096 veloher
1101 4042 1160 4095 dem
1185 4040 1282 4096 Terens
1309 4041 1393 4096 durch

165 4147 223 4184 nen.
242 4159 275 4170 —
296 4130 431 4200 aremari]
456 4132 530 4186 steht
547 4133 628 4186 ditare
646 4133 753 4187 absolut
805 4133 869 4199 gato
888 4131 1054 4200 Aulldhrung
1076 4131 1161 4184 seiner
1179 4130 1275 4186 Sticho
1297 4131 1393 4186 hindar·

165 4220 210 4285 (ε-
229 4223 372 4288 aerstrout,
392 4221 559 4275 teilnahmlos
577 4221 699 4289 werden),
723 4238 751 4276 so
805 4219 858 4274 lich
873 4237 932 4274 var.
952 4250 986 4259 -
1006 4220 1059 4274 Der
1073 4218 1232 4276 Geschmaelr
1246 4221 1322 4275 hatte
1337 4220 1393 4275 sich

165 4308 231 4363 auch
255 4309 297 4363 bei
321 4307 373 4364 cie.
399 4308 501 4365 Cluent.
529 4311 592 4365 177:
617 4311 752 4378 „aversari
806 4309 1133 4378 seitdemauchaufjenem
1141 4307 1249 4364 Gebiete
1257 4309 1392 4384 getndert,

165 4397 283 4453 advocati
301 4402 330 4453 et
347 4399 399 4453 iarn
418 4399 459 4454 vix
477 4400 543 4454 ferre
561 4401 667 4470 posse“.
701 4399 752 4454 Da·
806 4399 920 4454 veshalb
934 4399 1005 4469 Aper
1019 4399 1077 4452 dem
1090 4398 1230 4472 modernen
1245 4383 1393 4453 Darsteller
