3092 4878
675 279 820 352 Appendix.
1306 275 1359 340 103

138 454 190 524 34,
214 454 256 512 34
286 451 370 510 hodie
394 465 505 523 quoque
528 443 612 525 (Bb)]
635 448 776 522 hodieque
799 445 879 521 (OF).

138 543 191 612 35,
236 543 255 600 8
286 541 333 598 est
427 538 519 596 intret
539 537 698 609 heidelius,
721 537 889 612 Nipperdey
911 533 1005 608 (codd.
1031 536 1082 595 seri
1182 531 1299 613 intret)]
1323 539 1358 596 ut

361 627 452 686 intrat
474 626 562 685 John.

138 720 191 790 33,
215 718 257 777 20
286 717 497 791 persequentur
512 711 639 792 Puteol.]
662 718 873 789 prosequentur
896 712 991 786 (codd.
1007 715 1229 788 prosequuntur,
1250 715 1274 773 F
1292 731 1359 789 per-

288 805 468 880 sequuntur).
1171 847 1176 854 .

138 897 191 967 36,
236 901 253 954 1
286 895 416 968 cogitant
438 888 522 970 (Bb)]
546 893 686 966 cogitaret
709 910 744 952 ee
767 893 875 951 Halmii
897 894 974 952 coni.
1021 890 1161 965 (cogitare
1184 890 1252 966 OF).

137 986 190 1056 36,
237 988 253 1043 1
287 983 334 1043 vel
355 982 499 1042 obiectum
521 977 605 1058 (Bb)]
628 981 701 1040 nihil
723 981 866 1040 obiectum
888 979 968 1055 (OF).

137 1075 190 1146 36,
213 1074 256 1132 24
286 1072 342 1131 sihi
364 1072 420 1144 ipsi
441 1066 553 1147 (BOF)]
576 1071 632 1130 sibi
653 1068 666 1143 (
685 1070 706 1144 ).

138 1164 190 1234 38,
237 1164 256 1223 3
287 1176 422 1234 perorare
443 1155 544 1237 hores]
567 1160 653 1218 hores
675 1175 819 1233 perorare.

139 1252 191 1321 38,
216 1253 256 1310 18
287 1249 380 1308 omnio
402 1249 460 1307 alie
481 1258 637 1322 pacaverat
658 1244 745 1326 (GF)]
769 1248 864 1307 omnia
886 1249 1081 1322 depaoeveret
1102 1244 1172 1322 (Bb)
1195 1246 1317 1307 Vahlen.

138 1341 191 1412 39,
215 1342 255 1398 12
283 1339 428 1412 inpatiens
449 1335 544 1410 (codd.
567 1336 719 1412 patronus)
741 1335 844 1396 indicit
865 1332 981 1412 Haupt]
1004 1336 1113 1395 indicit.

139 1430 191 1496 39,
214 1429 254 1486 12
287 1420 619 1503 altercdsistit(eodd.)]
632 1423 1358 1500 uterpeeronus(e.cupra)ausisticecmcccont.

139 1518 191 1588 39,
215 1518 257 1576 16
287 1532 322 1574 ec
344 1515 562 1589 municipiorum
584 1510 645 1592 (b)]
668 1519 699 1574 et
720 1515 939 1588 municipiorum
962 1513 1066 1588 (BOF).

139 1608 191 1677 39,
215 1606 255 1666 23
287 1605 337 1679 qui
367 1607 565 1679 egerunt
588 1608 761 1663 censeantur
789 1598 911 1681 (codd.)]
947 1604 997 1676 qui
1025 1603 1232 1677 legerunt
1258 1619 1360 1661 eccen-

289 1695 394 1752 dnntur
416 1694 577 1754 Andreseu.

138 1785 190 1853 40,
236 1784 255 1842 5
286 1783 385 1857 populi
408 1799 520 1855 quoque
543 1785 576 1840 ut
598 1781 752 1841 histriones
768 1781 884 1840 curibus
900 1781 994 1853 (codd.
1009 1783 1039 1840 et
1054 1775 1237 1857 histriones)]
1260 1779 1359 1854 populi

289 1887 402 1945 quoque
423 1871 537 1944 pronis,
565 1873 598 1928 nt
620 1871 791 1941 histriones,
813 1870 929 1931 curibus
952 1868 1131 1941 (Helmreich
1153 1885 1219 1942 pop.
1245 1884 1366 1944 quoque

287 1959 386 2032 pronis
408 1959 525 2018 curibus
546 1962 580 2017 ut
601 1959 685 2018 histr.
701 1988 745 1999 -
759 1960 847 2018 Helm
861 1961 895 2019 tn
910 1960 977 2019 III.
994 1959 1066 2019 edit.
1081 1959 1181 2032 populi
1203 1957 1302 2032 pronis
1324 1959 1358 2015 ut

289 2048 317 2106 h.
342 2047 479 2122 curibus).

138 2138 191 2208 40,
216 2139 257 2196 14
287 2154 324 2196 ne
346 2138 421 2198 Meo.
445 2137 559 2212 quidem
582 2133 643 2214 (0)]
667 2154 721 2196 nec
744 2139 784 2196 11.
808 2137 922 2210 quidem
944 2135 1056 2210 (BOF);
1080 2135 1138 2209 cfr.
1163 2137 1214 2208 29,
1239 2137 1291 2194 14.

139 2228 191 2296 41,
237 2227 256 2285 9
288 2225 364 2286 euim
386 2222 555 2305 Heumann]
577 2229 675 2286 temen
698 2226 771 2300 (01¹3
794 2227 860 2285 inde
882 2225 949 2300 Bb).

139 2316 191 2385 41,
214 2315 254 2373 21
292 2310 441 2390 (restro)
462 2311 606 2392 temporo]
629 2318 760 2388 tempore
781 2317 879 2374 vestre
900 2315 1007 2374 Heose.
