3092 4878
547 349 685 460 ¹‹uucgus
703 391 735 444 ce
754 392 910 446 oratoribus.
947 409 969 446 a.
988 393 1031 447 ac.
1360 392 1395 452 ab

165 551 349 633 negaverim
373 551 520 616 Cassium
545 551 716 630 Severum,
740 571 835 634 quem
860 553 963 618 solum
986 556 1072 638 Aper
1094 556 1203 619 noster
1230 557 1394 620 nominare

167 677 265 722 ausus
289 659 355 736 est,
379 659 405 722 si
429 658 467 722 iis
491 660 708 741 comparetur,
732 660 788 740 qui
809 661 921 742 postea
944 660 1088 734 fuerunt,
1118 681 1211 744 posse
1236 665 1394 727 oratorem
1410 683 1437 722 u

166 765 287 842 vocari,
320 783 515 846 quamquam
543 767 577 829 in
607 785 726 848 magna
754 769 845 849 parte
875 768 1029 832 librorum
1060 787 1191 832 suorum
1219 770 1292 851 plus
1322 769 1394 833 bilis

166 871 285 936 habeat
308 890 405 952 quarn
436 873 607 954 sanguinis.
654 873 781 938 Primus
813 875 902 938 enim·
928 877 1108 957 contempto
1140 875 1247 958 ordine
1278 895 1394 952 rerum,

168 978 285 1043 omissa
307 978 463 1043 modestia
487 997 525 1043 ac
546 978 666 1061 pudore
697 979 881 1057 verborum,
911 980 988 1063 ipsis
1019 981 1116 1045 etiam
1146 982 1262 1062 quibus
1293 983 1396 1047 utitur

168 1087 265 1150 armis
295 1085 523 1168 incompositus
554 1086 586 1149 et
617 1085 723 1149 studio
753 1085 887 1150 feriendi
915 1087 1104 1169 plerumque
1141 1089 1297 1166 deiectus
1332 1107 1395 1152 non

104 1199 106 1205 “
167 1194 303 1276 pugnat,
328 1191 383 1255 sed
406 1193 537 1255 rixatur.
584 1191 749 1270 Ceterum,
780 1196 818 1256 ut
845 1193 924 1269 dixi,
955 1194 1161 1275 sequentibus
1193 1198 1439 1278 comparatusao
1543 1213 1544 1218 ¹

169 1302 201 1364 et
224 1299 379 1362 varietate
404 1298 589 1384 eruditionis
620 1301 652 1362 et
682 1300 787 1381 lepore
817 1300 1010 1364 urbanitatis
1041 1303 1074 1364 et
1103 1301 1247 1384 ipsarum
1279 1303 1395 1365 virium

167 1407 278 1470 robore
301 1407 442 1469 muitum
466 1408 587 1471 ceteros
611 1407 758 1488 superat,
782 1425 917 1487 quorum
940 1408 1101 1472 neminem
1125 1410 1210 1490 Aper
1231 1409 1396 1472 nominare

169 1516 201 1578 et
224 1514 368 1578 velutin
393 1513 493 1577 aciem
516 1514 649 1578 educere
673 1513 839 1577 sustinuit.
882 1513 948 1594 Ego
973 1517 1080 1578 autem
1105 1516 1336 1597 exspectabam,
1360 1517 1397 1579 ut

168 1621 314 1685 incusato
338 1621 447 1684 Asinio
471 1622 504 1685 et
527 1619 634 1685 Caelio
659 1622 692 1685 et
716 1619 812 1684 Calvo
837 1621 923 1684 aliud
946 1621 1036 1684 nobis
1061 1639 1172 1702 agmen
1198 1621 1395 1704 produceret,

168 1727 332 1810 plurisque
356 1727 408 1790 rel
431 1727 515 1790 certo
539 1726 674 1791 totidem
697 1727 892 1804 nominaret,
922 1746 959 1790 ex
983 1727 1097 1807 quibus
1121 1728 1221 1791 alium
1244 1727 1395 1806 Ciceroni,
1409 1747 1439 1788 ns

170 1834 268 1898 alium
293 1833 438 1910 Caesari,
469 1834 602 1915 singulis
626 1833 739 1897 deinde
763 1833 905 1915 singulos
937 1851 1175 1915 opponeremus.
1220 1834 1315 1898 Nunc
1344 1833 1397 1897 de-

171 1941 323 2004 trectasse
347 1941 535 2004 nominatim
560 1941 710 2021 antiquos
734 1942 878 2004 oratores
902 1942 1070 2004 contentus
1086 1941 1247 2005 neminem
1263 1960 1398 2022 sequen-

170 2047 252 2111 tium
275 2047 407 2111 laudare
432 2066 530 2111 ausus
555 2049 605 2110 est
627 2047 690 2110 nisi
712 2048 746 2111 in
769 2047 934 2130 publicum
958 2048 991 2110 et
1013 2047 1045 2110 in
1070 2066 1252 2123 commune,
1276 2048 1397 2111 veritus

209 2289 248 2331 ro.
265 2278 332 2346 plus
350 2277 412 2332 ba'lc'a
430 2294 513 2347 wem
528 2277 688 2346 sanguinis]
707 2277 758 2330 Da·
849 2289 889 2331 20.
913 2277 1037 2344 emutio]
1056 2277 1104 2330 wie
1122 2278 1163 2330 eiu
1182 2278 1302 2347 plumper
1319 2276 1398 2330 Pech-

169 2366 220 2419 mit
238 2365 342 2419 stimmt
359 2367 394 2418 im
414 2383 513 2434 ganzen
532 2364 623 2430 Quint.
642 2366 757 2433 thensin,
812 2368 867 2432 ter,
893 2366 963 2435 „qui
987 2382 1116 2419 armorum
1141 2366 1239 2419 inscius
1263 2366 1290 2419 in
1316 2365 1397 2418 rixam

169 2455 202 2522 X,
224 2455 333 2522 1,117:
360 2458 408 2522 „et
431 2455 529 2523 ingenii
552 2454 692 2525 plurimum
716 2457 758 2507 est
812 2453 1187 2521 ruic“(Quint.11,1a,a).
1223 2455 1278 2506 Das
1298 2452 1399 2508 Gebah-

169 2544 197 2598 in
222 2561 252 2598 eo
276 2547 304 2596 et
328 2544 457 2596 acerbitas
480 2544 548 2597 mira
571 2546 599 2596 at
622 2543 758 2596 urbanitas
811 2560 857 2596 ren
880 2543 1112 2611 hitndelsiichtiger
1129 2542 1283 2596 Advokaten
1302 2543 1399 2608 (Rabu-

170 2636 199 2687 et
213 2650 296 2687 sermo
311 2633 428 2703 (purus);
448 2632 500 2686 sed'
511 2633 572 2703 plus
592 2631 758 2685 stomacho
811 2633 902 2698 listeu)
921 2632 1072 2685 bezeichnet
1090 2630 1180 2696 Quint.
1199 2631 1246 2697 XI,
1263 2634 1287 2697 1,
1302 2633 1336 2686 29
1356 2647 1398 2684 so:

171 2739 250 2793 quam
274 2723 381 2776 consilio
407 2721 510 2776 dadit“.
554 2722 592 2774 Zu
617 2721 680 2775 bilis
705 2721 756 2788 vgl.
813 2721 923 2788 „videas
936 2724 1025 2774 autern
1037 2721 1165 2774 rixatores
1178 2720 1303 2790 quosdam
1315 2737 1399 2790 neque

170 2812 234 2866 Hor.
254 2811 301 2882 Ep.
320 2811 349 2878 Ι,
369 2813 417 2877 19,
437 2812 483 2866 19:
510 2810 595 2877 „mihi
621 2827 697 2880 saepe
720 2810 758 2863 bi·
812 2811 927 2865 iudicum
946 2811 1091 2865 reverentia
1172 2811 1329 2864 contineri“.

170 2903 236 2968 lem,
264 2917 340 2971 saepe
367 2902 450 2954 iocum
478 2901 560 2954 vestri
587 2917 689 2954 movere
718 2902 759 2953 tu·
848 2918 966 2970 quorum
984 2901 1118 2954 neminem
1132 2900 1276 2954 nominare
1340 2915 1399 2953 sus·

171 2991 303 3044 multus“.
814 2991 912 3057 tinuit]
938 2989 995 3043 weil
1014 3006 1042 3042 er
1065 2989 1115 3042 mit
1138 2988 1217 3041 ihuen
1237 2988 1312 3041 keine
1330 2987 1399 3040 Ehre

207 3080 308 3135 missa
330 3079 463 3132 modestia
487 3095 521 3132 oc
540 3078 649 3146 pudore
667 3078 759 3132 verbo·
813 3080 930 3147 einlegen
955 3079 1033 3132 kann.
1059 3108 1092 3116 -
1117 3078 1188 3148 Aper
1210 3078 1258 3130 hat
1280 3094 1331 3130 nur
1350 3076 1399 3129 den

172 3169 244 3235 rum]
277 3168 367 3235 „ohne
394 3167 463 3220 Mass
490 3167 545 3220 und
572 3166 695 3221 Anstand
722 3167 758 3219 im
813 3167 887 3221 einen
902 3167 974 3222 Cass.
990 3166 1107 3232 severim,
1127 3166 1176 3219 den
1195 3167 1289 3219 relatio
1307 3167 1398 3219 booten

98 3267 104 3280 ¹
172 3257 342 3312 Ausdruek“.
368 3287 401 3308 .—
426 3257 634 3325 incompositus]
660 3272 760 3323 „unge-
814 3256 860 3308 der
880 3256 1006 3324 jiingeren
1027 3254 1185 3310 Generatiou
1210 3255 1252 3308 {tir
1277 3255 1332 3308 sich
1357 3272 1400 3308 an-

173 3345 600 3412 schictt“‚nichtkuustgerocht.
616 3345 760 3399 -studio
813 3345 932 3412 getiihrt;
952 3343 1006 3397 und
1024 3344 1091 3398 doch
1108 3344 1185 3397 hittte
1203 3360 1232 3397 or
1249 3344 1306 3397 eine
1319 3360 1400 3412 ganne

172 3435 294 3502 feriandi
304 3436 345 3504 pt
360 3434 493 3501 detectus]
513 3434 594 3487 denu:
614 3433 663 3500 „in
678 3450 760 3486 armo·
815 3434 1056 3501 ,‚Sohlachtrcihe“
1084 3433 1270 3501 ebeubbrtiger
1297 3431 1401 3500 Gegner

173 3519 235 3577 rum'
259 3524 360 3577 ratione
387 3523 521 3592 antiquior
548 3521 654 3575 cavendi
682 3538 760 3591 quam
814 3523 890 3576 nicht
915 3540 967 3576 nur
994 3523 1053 3575 dem
1080 3522 1202 3588 AsiniuS,
1231 3521 1319 3576 catius
1347 3521 1401 3574 und

172 3612 254 3666 ictum
273 3612 400 3666 inferendi
417 3629 479 3664 cura
497 3613 570 3664 est“.
608 3609 698 3676 Quint.
712 3611 759 3677 IV,
814 3611 924 3678 Calvus,
953 3613 1048 3665 welche
1073 3629 1102 3664 or
1126 3610 1286 3664 namentlich
1311 3610 1401 3662 herab-

173 3702 203 3768 2,
226 3701 269 3754 26.
297 3731 329 3739 —
357 3701 486 3768 deiectus]
512 3700 617 3768 cigenti.
642 3716 689 3752 aus
703 3699 761 3762 ¹der
814 3703 917 3769 gesetzt
935 3701 997 3767 hat,
1023 3699 1134 3754 sonderu
1159 3699 1226 3752 auch
1244 3699 1302 3751 dem
1321 3697 1403 3752 Cisar

173 3790 497 3859 Vertaidigungssteilung
510 3789 639 3856 (Parada),
658 3807 689 3842 zu
702 3789 761 3842 uel·
815 3789 869 3843 und
878 3789 967 3844 Cicero
976 3789 1124 3857 geganiibar
1135 3788 1274 3841 aufstelien
1289 3793 1401 3840 miissen.

174 3879 235 3932 cher
263 3879 310 3932 das
338 3878 543 3946 Gieichgowieht
574 3879 619 3930 des
647 3877 760 3947 Kbrpers
815 3878 864 3932 Die
874 3879 954 3931 Alten
967 3877 1016 3930 bat
1028 3893 1058 3930 er
1069 3876 1232 3944 gesehmttht,
1247 3876 1288 3928 ‹iie
1301 3874 1401 3928 Moder-

173 3969 351 4022 vomehmlich
378 3968 489 4036 gehbrt‚
522 3967 760 4034 herausgeworfen3
815 3984 866 4021 nen
884 3983 950 4035 ganz
969 3967 1004 4018 im
1019 3965 1190 4032 allgemeinen
1202 3964 1300 4032 gelobt‚
1321 3965 1402 4016 wahr-

175 4056 263 4112 Cicero
288 4057 370 4128 pflcgt
389 4057 421 4110 de
440 4062 518 4110 stota
537 4056 599 4109 oder
617 4055 651 4108 dc
667 4056 762 4124 prada
816 4055 966 4122 scheinlich‚
985 4072 1030 4107 um
1048 4054 1129 4118 nicht,
1149 4070 1222 4106 wenn
1241 4069 1269 4104 er
1287 4051 1402 4105 einzelnc

174 4146 372 4214 hinzuzuiiigen.
405 4145 431 4199 S.
452 4163 483 4198 zu
503 4146 535 4198 11
555 4161 578 4198 a.
593 4145 622 4198 Ε.
644 4173 676 4182 -
696 4145 762 4197 Aus-
815 4145 983 4209 bervorlrbbe,
1002 4144 1043 4196 bei
1059 4143 1212 4210 derMenge
1226 4140 1401 4194 anzirstossen.

176 4235 272 4289 driicke
291 4237 336 4289 das
355 4235 549 4303 Kriegswesons
573 4234 631 4287 siud
650 4235 686 4287 im
704 4233 762 4287 Fol·
854 4245 894 4287 25.
913 4233 946 4286 in
960 4232 1105 4301 publicum
1123 4231 1169 4298 (=
1183 4231 1214 4284 in
1232 4229 1403 4296 catomum)

2 4347 3 4386 t
175 4325 291 4393 maden:
318 4327 350 4380 ia
378 4326 465 4378 actem
489 4323 637 4391 deducere,
666 4339 762 4392 agmen
817 4328 842 4376 ct
860 4323 892 4376 in
910 4338 1049 4376 commune
1066 4324 1115 4387 (εἰς
1134 4323 1166 4373 τὸ
1183 4319 1294 4383 κοινόν).
1330 4318 1403 4371 Leta-

2 4399 3 4430 1
170 4413 334 4482 producere.
817 4415 873 4465 tere
891 4411 1031 4478 Wendung
1053 4410 1091 4463 ist
1113 4410 1155 4462 bei
1173 4409 1232 4462 Tac.
1252 4407 1348 4476 haufig.
1371 4435 1401 4443 -
