<?xml version="1.0" encoding="UTF-8"?>
<!DOCTYPE html PUBLIC "-//W3C//DTD XHTML 1.0 Transitional//EN"
    "http://www.w3.org/TR/xhtml1/DTD/xhtml1-transitional.dtd">
<html xmlns="http://www.w3.org/1999/xhtml" xml:lang="en" lang="en">
 <head>
  <title>
</title>
<meta http-equiv="Content-Type" content="text/html;charset=utf-8" />
  <meta name='ocr-system' content='tesseract 3.04.00' />
  <meta name='ocr-capabilities' content='ocr_page ocr_carea ocr_par ocr_line ocrx_word'/>
</head>
<body>
  <div class='ocr_page' id='page_1' title='image "./corneliitacitid02tacigoog_0067.png"; bbox 0 0 3092 4878; ppageno 0'>
   <div class='ocr_carea' id='block_1_1' title="bbox 159 342 884 406">
    <p class='ocr_par' dir='ltr' id='par_1_1' title="bbox 159 342 884 406">
     <span class='ocr_line' id='line_1_1' title="bbox 159 342 884 406; baseline -0.007 0"><span class='ocrx_word' id='word_1_1' title='bbox 159 342 198 406; x_wconf 76' lang='grc'><strong>68</strong></span> <span class='ocrx_word' id='word_1_2' title='bbox 669 346 782 404; x_wconf 83' lang='lat' dir='ltr'><strong>Cornelii</strong></span> <span class='ocrx_word' id='word_1_3' title='bbox 799 347 884 402; x_wconf 79' lang='lat' dir='ltr'><strong>Taciti</strong></span> 
     </span>
    </p>
   </div>
   <div class='ocr_carea' id='block_1_2' title="bbox 114 505 1390 1658">
    <p class='ocr_par' dir='ltr' id='par_1_2' title="bbox 114 505 1390 1658">
     <span class='ocr_line' id='line_1_2' title="bbox 120 505 1390 592; baseline 0.002 -20"><span class='ocrx_word' id='word_1_4' title='bbox 120 505 391 586; x_wconf 79' lang='lat' dir='ltr'><strong>roinscribuntur,</strong></span> <span class='ocrx_word' id='word_1_5' title='bbox 415 525 453 574; x_wconf 88' lang='lat' dir='ltr'><strong>ac</strong></span> <span class='ocrx_word' id='word_1_6' title='bbox 475 507 642 592; x_wconf 77' lang='lat' dir='ltr'><strong>praecipue</strong></span> <span class='ocrx_word' id='word_1_7' title='bbox 666 507 807 574; x_wconf 89' lang='lat' dir='ltr'><strong>secunda</strong></span> <span class='ocrx_word' id='word_1_8' title='bbox 829 527 867 573; x_wconf 84' lang='grc'><strong>66</strong></span> <span class='ocrx_word' id='word_1_9' title='bbox 889 507 939 574; x_wconf 90' lang='lat' dir='ltr'><strong>his</strong></span> <span class='ocrx_word' id='word_1_10' title='bbox 962 509 1080 584; x_wconf 86' lang='lat' dir='ltr'><strong>oratio;</strong></span> <span class='ocrx_word' id='word_1_11' title='bbox 1103 511 1154 575; x_wconf 88' lang='grc'><strong>661</strong></span> <span class='ocrx_word' id='word_1_12' title='bbox 1176 509 1262 574; x_wconf 89' lang='lat' dir='ltr'><strong>enim</strong></span> <span class='ocrx_word' id='word_1_13' title='bbox 1284 510 1390 575; x_wconf 83' lang='lat' dir='ltr'><strong>verbis</strong></span> 
     </span>
     <span class='ocr_line' id='line_1_3' title="bbox 162 614 1390 699; baseline 0.003 -21"><span class='ocrx_word' id='word_1_14' title='bbox 162 615 274 678; x_wconf 88' lang='lat' dir='ltr'><strong>omata</strong></span> <span class='ocrx_word' id='word_1_15' title='bbox 297 616 331 680; x_wconf 89' lang='lat' dir='ltr'><strong>et</strong></span> <span class='ocrx_word' id='word_1_16' title='bbox 352 614 521 679; x_wconf 75' lang='lat' dir='ltr'><strong>sententiis</strong></span> <span class='ocrx_word' id='word_1_17' title='bbox 545 615 675 680; x_wconf 83' lang='grc'><strong>6661666</strong></span> <span class='ocrx_word' id='word_1_18' title='bbox 691 615 832 680; x_wconf 82' lang='lat' dir='ltr'><strong>indicum</strong></span> <span class='ocrx_word' id='word_1_19' title='bbox 848 615 1094 693; x_wconf 88' lang='lat' dir='ltr'><strong>accommodata,</strong></span> <span class='ocrx_word' id='word_1_20' title='bbox 1118 618 1156 680; x_wconf 95' lang='lat' dir='ltr'><strong>ut</strong></span> <span class='ocrx_word' id='word_1_21' title='bbox 1178 615 1260 680; x_wconf 90' lang='lat' dir='ltr'><strong>scias</strong></span> <span class='ocrx_word' id='word_1_22' title='bbox 1283 616 1390 699; x_wconf 88' lang='lat' dir='ltr'><strong>ipsum</strong></span> 
     </span>
     <span class='ocr_line' id='line_1_4' title="bbox 162 719 1390 803; baseline 0.002 -19"><span class='ocrx_word' id='word_1_23' title='bbox 162 737 289 802; x_wconf 87' lang='lat' dir='ltr'><strong>quoque</strong></span> <span class='ocrx_word' id='word_1_24' title='bbox 313 719 448 786; x_wconf 87' lang='lat' dir='ltr'><strong>calvum</strong></span> <span class='ocrx_word' id='word_1_25' title='bbox 470 721 664 786; x_wconf 77' lang='lat' dir='ltr'><strong>intellexisse</strong></span> <span class='ocrx_word' id='word_1_26' title='bbox 689 721 765 803; x_wconf 88' lang='lat' dir='ltr'><strong>quid</strong></span> <span class='ocrx_word' id='word_1_27' title='bbox 787 722 903 787; x_wconf 87' lang='lat' dir='ltr'><strong>mellus</strong></span> <span class='ocrx_word' id='word_1_28' title='bbox 926 724 1027 799; x_wconf 90' lang='lat' dir='ltr'><strong>esset,</strong></span> <span class='ocrx_word' id='word_1_29' title='bbox 1049 740 1108 786; x_wconf 89' lang='lat' dir='ltr'><strong>nec</strong></span> <span class='ocrx_word' id='word_1_30' title='bbox 1131 722 1328 787; x_wconf 88' lang='lat' dir='ltr'><strong>voluntatem</strong></span> <span class='ocrx_word' id='word_1_31' title='bbox 1351 723 1390 800; x_wconf 91' lang='lat' dir='ltr'><strong>ei,</strong></span> 
     </span>
     <span class='ocr_line' id='line_1_5' title="bbox 161 826 1389 910; baseline 0.002 -20"><span class='ocrx_word' id='word_1_32' title='bbox 161 844 224 908; x_wconf 91' lang='lat' dir='ltr'><strong>quo</strong></span> <span class='ocrx_word' id='word_1_33' title='bbox 254 826 360 892; x_wconf 90' lang='lat' dir='ltr'><strong>minus</strong></span> <span class='ocrx_word' id='word_1_34' title='bbox 388 827 556 892; x_wconf 82' lang='lat' dir='ltr'><strong>sublimius</strong></span> <span class='ocrx_word' id='word_1_35' title='bbox 585 830 618 893; x_wconf 91' lang='lat' dir='ltr'><strong>at</strong></span> <span class='ocrx_word' id='word_1_36' title='bbox 648 828 766 892; x_wconf 89' lang='lat' dir='ltr'><strong>cultius</strong></span> <span class='ocrx_word' id='word_1_37' title='bbox 796 828 929 906; x_wconf 89' lang='lat' dir='ltr'><strong>diceret,</strong></span> <span class='ocrx_word' id='word_1_38' title='bbox 960 827 1016 892; x_wconf 91' lang='lat' dir='ltr'><strong>sed</strong></span> <span class='ocrx_word' id='word_1_39' title='bbox 1045 829 1208 910; x_wconf 84' lang='lat' dir='ltr'><strong>ingenium</strong></span> <span class='ocrx_word' id='word_1_40' title='bbox 1239 845 1276 892; x_wconf 92' lang='lat' dir='ltr'><strong>ac</strong></span> <span class='ocrx_word' id='word_1_41' title='bbox 1306 828 1389 894; x_wconf 87' lang='grc'><strong>61666</strong></span> 
     </span>
     <span class='ocr_line' id='line_1_6' title="bbox 160 930 1389 1018; baseline 0.003 -22"><span class='ocrx_word' id='word_1_42' title='bbox 160 930 308 998; x_wconf 82' lang='grc'><strong>16161666.</strong></span> <span class='ocrx_word' id='word_1_43' title='bbox 346 931 451 1012; x_wconf 81' lang='lat' dir='ltr'><strong>Quid?</strong></span> <span class='ocrx_word' id='word_1_44' title='bbox 485 933 532 998; x_wconf 82' lang='lat' dir='ltr'><strong>Ex</strong></span> <span class='ocrx_word' id='word_1_45' title='bbox 548 932 706 1000; x_wconf 76' lang='lat' dir='ltr'><strong>Caelianis</strong></span> <span class='ocrx_word' id='word_1_46' title='bbox 729 933 924 999; x_wconf 87' lang='lat' dir='ltr'><strong>orationihus</strong></span> <span class='ocrx_word' id='word_1_47' title='bbox 947 952 1061 1018; x_wconf 87' lang='lat' dir='ltr'><strong>nempe</strong></span> <span class='ocrx_word' id='word_1_48' title='bbox 1085 952 1140 999; x_wconf 87' lang='lat' dir='ltr'><strong>eae</strong></span> <span class='ocrx_word' id='word_1_49' title='bbox 1163 934 1299 1018; x_wconf 77' lang='lat' dir='ltr'><strong>placent,</strong></span> <span class='ocrx_word' id='word_1_50' title='bbox 1322 935 1389 1000; x_wconf 87' lang='grc'><strong>6166</strong></span> 
     </span>
     <span class='ocr_line' id='line_1_7' title="bbox 118 1037 1389 1124; baseline 0.004 -21"><span class='ocrx_word' id='word_1_51' title='bbox 118 1037 327 1105; x_wconf 71' lang='lat' dir='ltr'><strong>inuniversae</strong></span> <span class='ocrx_word' id='word_1_52' title='bbox 357 1040 423 1106; x_wconf 90' lang='lat' dir='ltr'><strong>sive</strong></span> <span class='ocrx_word' id='word_1_53' title='bbox 455 1042 563 1124; x_wconf 89' lang='lat' dir='ltr'><strong>partes</strong></span> <span class='ocrx_word' id='word_1_54' title='bbox 586 1059 713 1120; x_wconf 90' lang='lat' dir='ltr'><strong>aarum,</strong></span> <span class='ocrx_word' id='word_1_55' title='bbox 741 1041 776 1105; x_wconf 89' lang='lat' dir='ltr'><strong>in</strong></span> <span class='ocrx_word' id='word_1_56' title='bbox 807 1041 923 1123; x_wconf 87' lang='lat' dir='ltr'><strong>quibus</strong></span> <span class='ocrx_word' id='word_1_57' title='bbox 952 1042 1090 1106; x_wconf 87' lang='lat' dir='ltr'><strong>nitorem</strong></span> <span class='ocrx_word' id='word_1_58' title='bbox 1120 1044 1153 1108; x_wconf 89' lang='grc'><strong>61</strong></span> <span class='ocrx_word' id='word_1_59' title='bbox 1183 1041 1389 1108; x_wconf 81' lang='lat' dir='ltr'><strong>altitudinem</strong></span> 
     </span>
     <span class='ocr_line' id='line_1_8' title="bbox 159 1143 1390 1230; baseline 0.004 -21"><span class='ocrx_word' id='word_1_60' title='bbox 159 1143 274 1210; x_wconf 91' lang='lat' dir='ltr'><strong>horum</strong></span> <span class='ocrx_word' id='word_1_61' title='bbox 297 1149 478 1230; x_wconf 91' lang='lat' dir='ltr'><strong>temporum</strong></span> <span class='ocrx_word' id='word_1_62' title='bbox 501 1148 735 1230; x_wconf 84' lang='lat' dir='ltr'><strong>adgnoscimus.</strong></span> <span class='ocrx_word' id='word_1_63' title='bbox 782 1147 897 1212; x_wconf 86' lang='lat' dir='ltr'><strong>Sordes</strong></span> <span class='ocrx_word' id='word_1_64' title='bbox 925 1149 1035 1212; x_wconf 87' lang='lat' dir='ltr'><strong>autem</strong></span> <span class='ocrx_word' id='word_1_65' title='bbox 1062 1147 1136 1213; x_wconf 91' lang='lat' dir='ltr'><strong>illae</strong></span> <span class='ocrx_word' id='word_1_66' title='bbox 1160 1147 1328 1213; x_wconf 88' lang='lat' dir='ltr'><strong>verborum</strong></span> <span class='ocrx_word' id='word_1_67' title='bbox 1356 1150 1390 1214; x_wconf 93' lang='lat' dir='ltr'><strong>et</strong></span> 
     </span>
     <span class='ocr_line' id='line_1_9' title="bbox 159 1250 1389 1337; baseline 0.003 -21"><span class='ocrx_word' id='word_1_68' title='bbox 159 1250 252 1316; x_wconf 91' lang='lat' dir='ltr'><strong>hians</strong></span> <span class='ocrx_word' id='word_1_69' title='bbox 283 1253 468 1336; x_wconf 78' lang='lat' dir='ltr'><strong>compositio</strong></span> <span class='ocrx_word' id='word_1_70' title='bbox 499 1255 533 1319; x_wconf 92' lang='lat' dir='ltr'><strong>et</strong></span> <span class='ocrx_word' id='word_1_71' title='bbox 561 1253 715 1320; x_wconf 88' lang='lat' dir='ltr'><strong>inconditi</strong></span> <span class='ocrx_word' id='word_1_72' title='bbox 745 1272 858 1320; x_wconf 88' lang='lat' dir='ltr'><strong>sensus</strong></span> <span class='ocrx_word' id='word_1_73' title='bbox 889 1253 1034 1319; x_wconf 87' lang='lat' dir='ltr'><strong>redolent</strong></span> <span class='ocrx_word' id='word_1_74' title='bbox 1056 1254 1300 1337; x_wconf 68' lang='lat' dir='ltr'><strong>antiquitatem</strong></span> <span class='ocrx_word' id='word_1_75' title='bbox 1329 1272 1389 1320; x_wconf 91' lang='lat' dir='ltr'><strong>nec</strong></span> 
     </span>
     <span class='ocr_line' id='line_1_10' title="bbox 159 1359 1388 1445; baseline 0.002 -23"><span class='ocrx_word' id='word_1_76' title='bbox 159 1376 354 1441; x_wconf 87' lang='lat' dir='ltr'><strong>quemquam</strong></span> <span class='ocrx_word' id='word_1_77' title='bbox 370 1359 448 1426; x_wconf 89' lang='grc'><strong>6166</strong></span> <span class='ocrx_word' id='word_1_78' title='bbox 469 1361 687 1443; x_wconf 90' lang='lat' dir='ltr'><strong>antiquarium</strong></span> <span class='ocrx_word' id='word_1_79' title='bbox 701 1363 791 1445; x_wconf 89' lang='lat' dir='ltr'><strong>puto,</strong></span> <span class='ocrx_word' id='word_1_80' title='bbox 813 1363 851 1426; x_wconf 92' lang='lat' dir='ltr'><strong>ut</strong></span> <span class='ocrx_word' id='word_1_81' title='bbox 866 1359 1011 1427; x_wconf 83' lang='lat' dir='ltr'><strong>(laelium</strong></span> <span class='ocrx_word' id='word_1_82' title='bbox 1034 1379 1073 1425; x_wconf 86' lang='lat' dir='ltr'><strong>er</strong></span> <span class='ocrx_word' id='word_1_83' title='bbox 1096 1379 1134 1426; x_wconf 90' lang='lat' dir='ltr'><strong>aa</strong></span> <span class='ocrx_word' id='word_1_84' title='bbox 1156 1361 1247 1444; x_wconf 88' lang='lat' dir='ltr'><strong>parte</strong></span> <span class='ocrx_word' id='word_1_85' title='bbox 1269 1359 1388 1438; x_wconf 87' lang='lat' dir='ltr'><strong>laudet,</strong></span> 
     </span>
     <span class='ocr_line' id='line_1_11' title="bbox 160 1465 1389 1551; baseline 0.002 -22"><span class='ocrx_word' id='word_1_86' title='bbox 160 1482 224 1546; x_wconf 85' lang='lat' dir='ltr'><strong>qua</strong></span> <span class='ocrx_word' id='word_1_87' title='bbox 247 1465 399 1549; x_wconf 90' lang='lat' dir='ltr'><strong>antiquus</strong></span> <span class='ocrx_word' id='word_1_88' title='bbox 423 1468 480 1533; x_wconf 87' lang='lat' dir='ltr'><strong>est.</strong></span> <span class='ocrx_word' id='word_1_89' title='bbox 515 1465 734 1533; x_wconf 81' lang='lat' dir='ltr'><strong>Concedamus</strong></span> <span class='ocrx_word' id='word_1_90' title='bbox 758 1466 1040 1545; x_wconf 76' lang='grc'><strong>666660666661,</strong></span> <span class='ocrx_word' id='word_1_91' title='bbox 1063 1469 1101 1532; x_wconf 90' lang='lat' dir='ltr'><strong>ut</strong></span> <span class='ocrx_word' id='word_1_92' title='bbox 1120 1468 1249 1551; x_wconf 87' lang='lat' dir='ltr'><strong>propter</strong></span> <span class='ocrx_word' id='word_1_93' title='bbox 1264 1467 1389 1549; x_wconf 84' lang='lat' dir='ltr'><strong>magni·</strong></span> 
     </span>
     <span class='ocr_line' id='line_1_12' title="bbox 114 1570 1389 1658; baseline -0.001 -20"><span class='ocrx_word' id='word_1_94' title='bbox 114 1594 148 1640; x_wconf 83' lang='lat' dir='ltr'><strong>ro</strong></span> <span class='ocrx_word' id='word_1_95' title='bbox 159 1570 304 1637; x_wconf 91' lang='lat' dir='ltr'><strong>tudinem</strong></span> <span class='ocrx_word' id='word_1_96' title='bbox 327 1573 555 1656; x_wconf 84' lang='lat' dir='ltr'><strong>cogitationum</strong></span> <span class='ocrx_word' id='word_1_97' title='bbox 579 1575 612 1638; x_wconf 87' lang='lat' dir='ltr'><strong>ot</strong></span> <span class='ocrx_word' id='word_1_98' title='bbox 635 1574 857 1658; x_wconf 86' lang='lat' dir='ltr'><strong>occupationes</strong></span> <span class='ocrx_word' id='word_1_99' title='bbox 881 1593 989 1639; x_wconf 91' lang='lat' dir='ltr'><strong>rerum</strong></span> <span class='ocrx_word' id='word_1_100' title='bbox 1016 1573 1123 1638; x_wconf 89' lang='lat' dir='ltr'><strong>minus</strong></span> <span class='ocrx_word' id='word_1_101' title='bbox 1149 1573 1389 1656; x_wconf 89' lang='lat' dir='ltr'><strong>ineloquentia</strong></span> 
     </span>
    </p>
   </div>
   <div class='ocr_carea' id='block_1_3' title="bbox 151 1782 1388 4432">
    <p class='ocr_par' dir='ltr' id='par_1_3' title="bbox 151 1782 1388 4432">
     <span class='ocr_line' id='line_1_13' title="bbox 157 1782 1388 1855; baseline 0 -18"><span class='ocrx_word' id='word_1_102' title='bbox 157 1782 267 1851; x_wconf 83' lang='lat' dir='ltr'><strong>funden,</strong></span> <span class='ocrx_word' id='word_1_103' title='bbox 291 1801 346 1840; x_wconf 86' lang='lat' dir='ltr'><strong>war</strong></span> <span class='ocrx_word' id='word_1_104' title='bbox 368 1783 464 1841; x_wconf 84' lang='lat' dir='ltr'><strong>Calvus</strong></span> <span class='ocrx_word' id='word_1_105' title='bbox 486 1784 632 1855; x_wconf 80' lang='lat' dir='ltr'><strong>Anhltger,</strong></span> <span class='ocrx_word' id='word_1_106' title='bbox 658 1785 746 1841; x_wconf 83' lang='lat' dir='ltr'><strong>Cicero</strong></span> <span class='ocrx_word' id='word_1_107' title='bbox 800 1787 914 1854; x_wconf 85' lang='lat' dir='ltr'><strong>aures“;</strong></span> <span class='ocrx_word' id='word_1_108' title='bbox 933 1785 966 1840; x_wconf 89' lang='lat' dir='ltr'><strong>de</strong></span> <span class='ocrx_word' id='word_1_109' title='bbox 984 1802 1021 1840; x_wconf 91' lang='lat' dir='ltr'><strong>or.</strong></span> <span class='ocrx_word' id='word_1_110' title='bbox 1039 1784 1092 1852; x_wconf 97' lang='lat' dir='ltr'><strong>III,</strong></span> <span class='ocrx_word' id='word_1_111' title='bbox 1114 1785 1178 1840; x_wconf 80' lang='grc'><strong>1736</strong></span> <span class='ocrx_word' id='word_1_112' title='bbox 1205 1784 1388 1852; x_wconf 88' lang='lat' dir='ltr'><strong>„inconditam</strong></span> 
     </span>
     <span class='ocr_line' id='line_1_14' title="bbox 159 1871 1387 1946; baseline 0.001 -20"><span class='ocrx_word' id='word_1_113' title='bbox 159 1871 331 1943; x_wconf 80' lang='lat' dir='ltr'><strong>VartoidIger.</strong></span> <span class='ocrx_word' id='word_1_114' title='bbox 369 1872 459 1941; x_wconf 87' lang='lat' dir='ltr'><strong>Quint.</strong></span> <span class='ocrx_word' id='word_1_115' title='bbox 477 1874 523 1941; x_wconf 80' lang='lat' dir='ltr'><strong>VI,</strong></span> <span class='ocrx_word' id='word_1_116' title='bbox 545 1876 568 1942; x_wconf 96' lang='lat' dir='ltr'><strong>l,</strong></span> <span class='ocrx_word' id='word_1_117' title='bbox 588 1875 629 1930; x_wconf 89' lang='grc'><strong>13.</strong></span> <span class='ocrx_word' id='word_1_118' title='bbox 800 1875 969 1946; x_wconf 81' lang='grc'><strong>6666666666</strong></span> <span class='ocrx_word' id='word_1_119' title='bbox 1003 1873 1106 1928; x_wconf 90' lang='lat' dir='ltr'><strong>dicandi</strong></span> <span class='ocrx_word' id='word_1_120' title='bbox 1140 1872 1387 1928; x_wconf 85' lang='lat' dir='ltr'><strong>consuetudinem“.</strong></span> 
     </span>
     <span class='ocr_line' id='line_1_15' title="bbox 200 1962 1388 2031; baseline 0.003 -17"><span class='ocrx_word' id='word_1_121' title='bbox 200 1972 237 2016; x_wconf 83' lang='lat' dir='ltr'><strong>ro.</strong></span> <span class='ocrx_word' id='word_1_122' title='bbox 262 1966 288 2016; x_wconf 83' lang='lat' dir='ltr'><strong>ct</strong></span> <span class='ocrx_word' id='word_1_123' title='bbox 311 1962 465 2030; x_wconf 75' lang='grc'><strong>6661661116]</strong></span> <span class='ocrx_word' id='word_1_124' title='bbox 491 1963 568 2029; x_wconf 90' lang='lat' dir='ltr'><strong>„und</strong></span> <span class='ocrx_word' id='word_1_125' title='bbox 590 1963 658 2020; x_wconf 88' lang='lat' dir='ltr'><strong>auch</strong></span> <span class='ocrx_word' id='word_1_126' title='bbox 677 1964 745 2031; x_wconf 88' lang='grc'><strong>...“,</strong></span> <span class='ocrx_word' id='word_1_127' title='bbox 799 1963 854 2018; x_wconf 89' lang='lat' dir='ltr'><strong>Der</strong></span> <span class='ocrx_word' id='word_1_128' title='bbox 877 1964 1041 2018; x_wconf 86' lang='lat' dir='ltr'><strong>saturnische</strong></span> <span class='ocrx_word' id='word_1_129' title='bbox 1059 1963 1126 2018; x_wconf 82' lang='lat' dir='ltr'><strong>Vera</strong></span> <span class='ocrx_word' id='word_1_130' title='bbox 1149 1963 1282 2017; x_wconf 83' lang='grc'><strong>6161666</strong></span> <span class='ocrx_word' id='word_1_131' title='bbox 1299 1962 1388 2018; x_wconf 83' lang='lat' dir='ltr'><strong>livius</strong></span> 
     </span>
     <span class='ocr_line' id='line_1_16' title="bbox 159 2049 1388 2121; baseline 0.002 -18"><span class='ocrx_word' id='word_1_132' title='bbox 159 2049 206 2103; x_wconf 90' lang='grc'><strong>6616</strong></span> <span class='ocrx_word' id='word_1_133' title='bbox 224 2050 274 2118; x_wconf 76' lang='grc'><strong>22,</strong></span> <span class='ocrx_word' id='word_1_134' title='bbox 294 2051 324 2117; x_wconf 88' lang='grc'><strong>6;</strong></span> <span class='ocrx_word' id='word_1_135' title='bbox 344 2051 394 2118; x_wconf 75' lang='lat'><strong>24,</strong></span> <span class='ocrx_word' id='word_1_136' title='bbox 411 2052 437 2106; x_wconf 88' lang='grc'><strong>9.</strong></span> <span class='ocrx_word' id='word_1_137' title='bbox 474 2050 572 2121; x_wconf 83' lang='lat' dir='ltr'><strong>Wegan</strong></span> <span class='ocrx_word' id='word_1_138' title='bbox 596 2052 747 2108; x_wconf 77' lang='lat' dir='ltr'><strong>sententiae</strong></span> <span class='ocrx_word' id='word_1_139' title='bbox 798 2052 869 2120; x_wconf 88' lang='lat' dir='ltr'>(VII,</span> <span class='ocrx_word' id='word_1_140' title='bbox 885 2053 910 2120; x_wconf 78' lang='lat'><strong>2,</strong></span> <span class='ocrx_word' id='word_1_141' title='bbox 923 2053 952 2118; x_wconf 85' lang='grc'><strong>6)</strong></span> <span class='ocrx_word' id='word_1_142' title='bbox 969 2051 1132 2108; x_wconf 69' lang='lat' dir='ltr'><strong>iocunditate</strong></span> <span class='ocrx_word' id='word_1_143' title='bbox 1148 2054 1273 2121; x_wconf 82' lang='lat' dir='ltr'><strong>genennt.</strong></span> <span class='ocrx_word' id='word_1_144' title='bbox 1293 2081 1327 2091; x_wconf 89' lang='lat'><em>-</em></span> <span class='ocrx_word' id='word_1_145' title='bbox 1345 2067 1388 2107; x_wconf 80' lang='grc'><strong>66-</strong></span> 
     </span>
     <span class='ocr_line' id='line_1_17' title="bbox 157 2139 1387 2211; baseline 0 -17"><span class='ocrx_word' id='word_1_146' title='bbox 157 2154 180 2194; x_wconf 86' lang='grc'><strong>6.</strong></span> <span class='ocrx_word' id='word_1_147' title='bbox 199 2139 351 2207; x_wconf 70' lang='grc'><strong>661616.</strong></span> <span class='ocrx_word' id='word_1_148' title='bbox 382 2139 447 2194; x_wconf 78' lang='lat' dir='ltr'><strong>Zunr</strong></span> <span class='ocrx_word' id='word_1_149' title='bbox 465 2157 565 2210; x_wconf 81' lang='lat' dir='ltr'><strong>ganaen</strong></span> <span class='ocrx_word' id='word_1_150' title='bbox 578 2139 674 2195; x_wconf 85' lang='lat' dir='ltr'><strong>husdr.</strong></span> <span class='ocrx_word' id='word_1_151' title='bbox 693 2141 745 2211; x_wconf 78' lang='lat' dir='ltr'><strong>vgl.</strong></span> <span class='ocrx_word' id='word_1_152' title='bbox 800 2140 895 2196; x_wconf 81' lang='lat' dir='ltr'><strong>dolcat</strong></span> <span class='ocrx_word' id='word_1_153' title='bbox 918 2141 1127 2210; x_wconf 65' lang='lat' dir='ltr'><strong>untiquitariae]</strong></span> <span class='ocrx_word' id='word_1_154' title='bbox 1149 2140 1216 2194; x_wconf 89' lang='lat' dir='ltr'><strong>nach</strong></span> <span class='ocrx_word' id='word_1_155' title='bbox 1238 2139 1291 2196; x_wconf 80' lang='lat' dir='ltr'><strong>Cic</strong></span> <span class='ocrx_word' id='word_1_156' title='bbox 1309 2139 1387 2194; x_wconf 91' lang='lat' dir='ltr'><strong>Brut.</strong></span> 
     </span>
     <span class='ocr_line' id='line_1_18' title="bbox 158 2226 1388 2300; baseline -0.002 -16"><span class='ocrx_word' id='word_1_157' title='bbox 158 2226 211 2284; x_wconf 82' lang='lat' dir='ltr'><strong>Cic.</strong></span> <span class='ocrx_word' id='word_1_158' title='bbox 230 2227 263 2282; x_wconf 90' lang='lat' dir='ltr'><strong>de</strong></span> <span class='ocrx_word' id='word_1_159' title='bbox 281 2244 318 2283; x_wconf 91' lang='lat' dir='ltr'><strong>or.</strong></span> <span class='ocrx_word' id='word_1_160' title='bbox 337 2227 359 2295; x_wconf 93' lang='lat'><strong>1,</strong></span> <span class='ocrx_word' id='word_1_161' title='bbox 378 2228 445 2284; x_wconf 77' lang='grc'><strong>2166</strong></span> <span class='ocrx_word' id='word_1_162' title='bbox 471 2229 538 2300; x_wconf 88' lang='lat' dir='ltr'><strong>„qui</strong></span> <span class='ocrx_word' id='word_1_163' title='bbox 561 2232 590 2284; x_wconf 89' lang='lat' dir='ltr'><strong>et</strong></span> <span class='ocrx_word' id='word_1_164' title='bbox 609 2229 694 2284; x_wconf 83' lang='lat' dir='ltr'><strong>verbis</strong></span> <span class='ocrx_word' id='word_1_165' title='bbox 712 2229 747 2284; x_wconf 91' lang='lat' dir='ltr'><strong>ad</strong></span> <span class='ocrx_word' id='word_1_166' title='bbox 799 2229 849 2284; x_wconf 76' lang='lat'><strong>82:</strong></span> <span class='ocrx_word' id='word_1_167' title='bbox 875 2228 1027 2296; x_wconf 86' lang='lat' dir='ltr'><strong>„orationes</strong></span> <span class='ocrx_word' id='word_1_168' title='bbox 1109 2228 1256 2283; x_wconf 78' lang='lat' dir='ltr'><strong>redolentes</strong></span> <span class='ocrx_word' id='word_1_169' title='bbox 1274 2228 1388 2298; x_wconf 87' lang='lat' dir='ltr'><strong>antiqui-</strong></span> 
     </span>
     <span class='ocr_line' id='line_1_19' title="bbox 157 2315 1386 2387; baseline 0.001 -17"><span class='ocrx_word' id='word_1_170' title='bbox 157 2315 316 2372; x_wconf 88' lang='lat' dir='ltr'><strong>audiendum</strong></span> <span class='ocrx_word' id='word_1_171' title='bbox 340 2317 462 2372; x_wconf 83' lang='lat' dir='ltr'><strong>iucundis</strong></span> <span class='ocrx_word' id='word_1_172' title='bbox 489 2321 518 2372; x_wconf 92' lang='grc'><strong>61</strong></span> <span class='ocrx_word' id='word_1_173' title='bbox 545 2319 685 2373; x_wconf 84' lang='lat' dir='ltr'><strong>sententiis</strong></span> <span class='ocrx_word' id='word_1_174' title='bbox 712 2317 746 2372; x_wconf 91' lang='lat' dir='ltr'><strong>ad</strong></span> <span class='ocrx_word' id='word_1_175' title='bbox 800 2318 913 2373; x_wconf 84' lang='lat' dir='ltr'><strong>tatcm“.</strong></span> <span class='ocrx_word' id='word_1_176' title='bbox 948 2317 1006 2387; x_wconf 84' lang='lat' dir='ltr'><strong>Vgl.</strong></span> <span class='ocrx_word' id='word_1_177' title='bbox 1021 2316 1112 2385; x_wconf 84' lang='lat' dir='ltr'><strong>Quint</strong></span> <span class='ocrx_word' id='word_1_178' title='bbox 1127 2317 1173 2385; x_wconf 82' lang='lat' dir='ltr'><strong>VI,</strong></span> <span class='ocrx_word' id='word_1_179' title='bbox 1188 2318 1214 2384; x_wconf 82' lang='lat'><strong>3,</strong></span> <span class='ocrx_word' id='word_1_180' title='bbox 1231 2317 1296 2374; x_wconf 80' lang='grc'><strong>1076</strong></span> <span class='ocrx_word' id='word_1_181' title='bbox 1315 2319 1386 2384; x_wconf 79' lang='grc'><strong>,16-</strong></span> 
     </span>
     <span class='ocr_line' id='line_1_20' title="bbox 158 2405 1387 2481; baseline 0.002 -22"><span class='ocrx_word' id='word_1_182' title='bbox 158 2405 746 2478; x_wconf 63' lang='grc'><strong>66666616666666666161166116666161-</strong></span> <span class='ocrx_word' id='word_1_183' title='bbox 800 2409 926 2481; x_wconf 78' lang='grc' dir='ltr'><strong><em>τικισμός</em></strong></span> <span class='ocrx_word' id='word_1_184' title='bbox 947 2407 992 2462; x_wconf 90' lang='grc'><strong>1116</strong></span> <span class='ocrx_word' id='word_1_185' title='bbox 1010 2406 1129 2461; x_wconf 85' lang='lat' dir='ltr'><strong>redolens</strong></span> <span class='ocrx_word' id='word_1_186' title='bbox 1147 2405 1312 2463; x_wconf 79' lang='lat' dir='ltr'><strong>Athenarum</strong></span> <span class='ocrx_word' id='word_1_187' title='bbox 1329 2423 1387 2476; x_wconf 93' lang='lat' dir='ltr'><strong>pro-</strong></span> 
     </span>
     <span class='ocr_line' id='line_1_21' title="bbox 157 2494 1386 2568; baseline 0.002 -20"><span class='ocrx_word' id='word_1_188' title='bbox 157 2495 286 2563; x_wconf 69' lang='lat' dir='ltr'><strong>actuo]</strong></span> <span class='ocrx_word' id='word_1_189' title='bbox 305 2512 326 2550; x_wconf 93' lang='grc'><strong>6.</strong></span> <span class='ocrx_word' id='word_1_190' title='bbox 342 2496 416 2563; x_wconf 84' lang='grc'><strong>19,7</strong></span> <span class='ocrx_word' id='word_1_191' title='bbox 435 2513 460 2552; x_wconf 92' lang='grc'><strong>6.</strong></span> <span class='ocrx_word' id='word_1_192' title='bbox 474 2500 498 2552; x_wconf 88' lang='lat' dir='ltr'><strong>d.</strong></span> <span class='ocrx_word' id='word_1_193' title='bbox 535 2496 587 2552; x_wconf 85' lang='lat' dir='ltr'><strong>Cic.</strong></span> <span class='ocrx_word' id='word_1_194' title='bbox 606 2497 639 2552; x_wconf 91' lang='grc'><strong>16</strong></span> <span class='ocrx_word' id='word_1_195' title='bbox 657 2513 694 2552; x_wconf 92' lang='lat' dir='ltr'><strong>or.</strong></span> <span class='ocrx_word' id='word_1_196' title='bbox 709 2496 745 2564; x_wconf 88' lang='lat' dir='ltr'><strong>H,</strong></span> <span class='ocrx_word' id='word_1_197' title='bbox 799 2496 885 2568; x_wconf 87' lang='lat' dir='ltr'><strong>prium</strong></span> <span class='ocrx_word' id='word_1_198' title='bbox 899 2497 1048 2566; x_wconf 89' lang='lat' dir='ltr'><strong>saporem“.</strong></span> <span class='ocrx_word' id='word_1_199' title='bbox 1068 2494 1125 2549; x_wconf 88' lang='lat' dir='ltr'><strong>Wir</strong></span> <span class='ocrx_word' id='word_1_200' title='bbox 1139 2494 1386 2550; x_wconf 84' lang='lat' dir='ltr'><strong>versionhildliehen</strong></span> 
     </span>
     <span class='ocr_line' id='line_1_22' title="bbox 159 2583 1387 2655; baseline 0.002 -19"><span class='ocrx_word' id='word_1_201' title='bbox 159 2583 226 2640; x_wconf 84' lang='grc'><strong>1696</strong></span> <span class='ocrx_word' id='word_1_202' title='bbox 252 2625 267 2652; x_wconf 91' lang='lat'><strong>„</strong></span> <span class='ocrx_word' id='word_1_203' title='bbox 275 2587 367 2638; x_wconf 85' lang='grc'><strong>666166</strong></span> <span class='ocrx_word' id='word_1_204' title='bbox 390 2585 474 2640; x_wconf 86' lang='lat' dir='ltr'><strong>cretio</strong></span> <span class='ocrx_word' id='word_1_205' title='bbox 499 2585 679 2640; x_wconf 81' lang='lat' dir='ltr'><strong>multitudiuis</strong></span> <span class='ocrx_word' id='word_1_206' title='bbox 703 2588 746 2640; x_wconf 90' lang='grc'><strong>661</strong></span> <span class='ocrx_word' id='word_1_207' title='bbox 799 2585 849 2640; x_wconf 89' lang='lat' dir='ltr'><strong>den</strong></span> <span class='ocrx_word' id='word_1_208' title='bbox 873 2585 975 2655; x_wconf 79' lang='lat' dir='ltr'><strong>Begriti</strong></span> <span class='ocrx_word' id='word_1_209' title='bbox 995 2585 1084 2640; x_wconf 81' lang='grc'><strong>666666</strong></span> <span class='ocrx_word' id='word_1_210' title='bbox 1109 2583 1205 2638; x_wconf 86' lang='lat' dir='ltr'><strong>durch:</strong></span> <span class='ocrx_word' id='word_1_211' title='bbox 1230 2584 1387 2652; x_wconf 84' lang='lat' dir='ltr'><strong>„sohmackt</strong></span> 
     </span>
     <span class='ocr_line' id='line_1_23' title="bbox 157 2671 959 2744; baseline 0.006 -19"><span class='ocrx_word' id='word_1_212' title='bbox 157 2671 266 2726; x_wconf 88' lang='lat' dir='ltr'><strong>auribus</strong></span> <span class='ocrx_word' id='word_1_213' title='bbox 291 2673 539 2729; x_wconf 84' lang='lat' dir='ltr'><strong>accommodanda“.</strong></span> <span class='ocrx_word' id='word_1_214' title='bbox 568 2703 602 2714; x_wconf 94' lang='lat'>-</span> <span class='ocrx_word' id='word_1_215' title='bbox 630 2673 745 2744; x_wconf 79' lang='lat' dir='ltr'><strong>cattiaco]</strong></span> <span class='ocrx_word' id='word_1_216' title='bbox 799 2674 866 2729; x_wconf 89' lang='lat' dir='ltr'><strong>nach</strong></span> <span class='ocrx_word' id='word_1_217' title='bbox 888 2676 959 2729; x_wconf 88' lang='grc'><strong>...“.</strong></span> 
     </span>
     <span class='ocr_line' id='line_1_24' title="bbox 157 2759 1386 2829; baseline 0.002 -16"><span class='ocrx_word' id='word_1_218' title='bbox 157 2761 358 2829; x_wconf 54' lang='grc'><strong>,6661611663</strong></span> <span class='ocrx_word' id='word_1_219' title='bbox 383 2761 532 2818; x_wconf 81' lang='grc'><strong>6616616116</strong></span> <span class='ocrx_word' id='word_1_220' title='bbox 550 2761 648 2818; x_wconf 84' lang='lat' dir='ltr'><strong>diesem</strong></span> <span class='ocrx_word' id='word_1_221' title='bbox 666 2763 745 2818; x_wconf 82' lang='lat' dir='ltr'><strong>Sinna</strong></span> <span class='ocrx_word' id='word_1_222' title='bbox 836 2762 1022 2819; x_wconf 71' lang='grc'><strong>0666666666</strong></span> <span class='ocrx_word' id='word_1_223' title='bbox 1046 2777 1113 2817; x_wconf 73' lang='lat' dir='ltr'><strong>amaa</strong></span> <span class='ocrx_word' id='word_1_224' title='bbox 1137 2761 1166 2818; x_wconf 82' lang='lat'><strong>0.</strong></span> <span class='ocrx_word' id='word_1_225' title='bbox 1185 2759 1300 2817; x_wconf 73' lang='lat' dir='ltr'><strong>Odoacri</strong></span> <span class='ocrx_word' id='word_1_226' title='bbox 1323 2761 1386 2829; x_wconf 82' lang='lat' dir='ltr'><strong>etc]</strong></span> 
     </span>
     <span class='ocr_line' id='line_1_25' title="bbox 157 2847 1387 2918; baseline 0.001 -15"><span class='ocrx_word' id='word_1_227' title='bbox 157 2848 199 2903; x_wconf 92' lang='lat' dir='ltr'><strong>bei</strong></span> <span class='ocrx_word' id='word_1_228' title='bbox 217 2847 306 2904; x_wconf 81' lang='grc'><strong>(116666</strong></span> <span class='ocrx_word' id='word_1_229' title='bbox 324 2849 400 2904; x_wconf 88' lang='lat' dir='ltr'><strong>nicht</strong></span> <span class='ocrx_word' id='word_1_230' title='bbox 417 2851 622 2906; x_wconf 75' lang='lat' dir='ltr'><strong>vomukommen.</strong></span> <span class='ocrx_word' id='word_1_231' title='bbox 799 2851 875 2907; x_wconf 81' lang='lat' dir='ltr'><strong>huoh</strong></span> <span class='ocrx_word' id='word_1_232' title='bbox 893 2851 962 2906; x_wconf 83' lang='lat' dir='ltr'><strong>Ann.</strong></span> <span class='ocrx_word' id='word_1_233' title='bbox 980 2850 1059 2918; x_wconf 87' lang='lat' dir='ltr'>XIII,</span> <span class='ocrx_word' id='word_1_234' title='bbox 1077 2852 1110 2905; x_wconf 86' lang='grc'><strong>66</strong></span> <span class='ocrx_word' id='word_1_235' title='bbox 1137 2850 1274 2918; x_wconf 88' lang='lat' dir='ltr'><strong>„dictator</strong></span> <span class='ocrx_word' id='word_1_236' title='bbox 1291 2849 1387 2905; x_wconf 80' lang='lat' dir='ltr'><strong>Caesar</strong></span> 
     </span>
     <span class='ocr_line' id='line_1_26' title="bbox 192 2937 1385 3009; baseline 0.002 -16"><span class='ocrx_word' id='word_1_237' title='bbox 192 2939 297 3009; x_wconf 80' lang='lat' dir='ltr'><strong>acmpc]</strong></span> <span class='ocrx_word' id='word_1_238' title='bbox 318 2937 365 2994; x_wconf 89' lang='grc'><strong>616</strong></span> <span class='ocrx_word' id='word_1_239' title='bbox 384 2939 426 3006; x_wconf 78' lang='lat' dir='ltr'><strong>ll,</strong></span> <span class='ocrx_word' id='word_1_240' title='bbox 445 2940 470 2994; x_wconf 92' lang='grc'><strong>6.</strong></span> <span class='ocrx_word' id='word_1_241' title='bbox 799 2941 909 2996; x_wconf 87' lang='lat' dir='ltr'><strong>summis</strong></span> <span class='ocrx_word' id='word_1_242' title='bbox 934 2939 1083 2996; x_wconf 86' lang='lat' dir='ltr'><strong>oratoribus</strong></span> <span class='ocrx_word' id='word_1_243' title='bbox 1107 2940 1258 2995; x_wconf 86' lang='lat' dir='ltr'><strong>aemulus“.</strong></span> <span class='ocrx_word' id='word_1_244' title='bbox 1295 2937 1385 3005; x_wconf 84' lang='lat' dir='ltr'><strong>Quint</strong></span> 
     </span>
     <span class='ocr_line' id='line_1_27' title="bbox 198 3027 1386 3098; baseline 0.001 -16"><span class='ocrx_word' id='word_1_245' title='bbox 198 3041 237 3082; x_wconf 77' lang='lat' dir='ltr'><strong>aa.</strong></span> <span class='ocrx_word' id='word_1_246' title='bbox 255 3027 341 3096; x_wconf 78' lang='lat' dir='ltr'><strong>citor}</strong></span> <span class='ocrx_word' id='word_1_247' title='bbox 357 3027 551 3082; x_wconf 85' lang='lat' dir='ltr'><strong>sinnverwandt</strong></span> <span class='ocrx_word' id='word_1_248' title='bbox 563 3029 614 3083; x_wconf 92' lang='lat' dir='ltr'><strong>mit</strong></span> <span class='ocrx_word' id='word_1_249' title='bbox 627 3029 745 3098; x_wconf 75' lang='grc'><strong>16611116,</strong></span> <span class='ocrx_word' id='word_1_250' title='bbox 798 3029 837 3098; x_wconf 86' lang='lat' dir='ltr'><strong>X,</strong></span> <span class='ocrx_word' id='word_1_251' title='bbox 861 3030 976 3098; x_wconf 75' lang='lat'>1,114:</span> <span class='ocrx_word' id='word_1_252' title='bbox 1002 3028 1052 3096; x_wconf 72' lang='lat' dir='ltr'><strong>„Q</strong></span> <span class='ocrx_word' id='word_1_253' title='bbox 1078 3045 1138 3082; x_wconf 82' lang='lat' dir='ltr'><strong>vero</strong></span> <span class='ocrx_word' id='word_1_254' title='bbox 1163 3027 1259 3084; x_wconf 85' lang='lat' dir='ltr'><strong>Caesar</strong></span> <span class='ocrx_word' id='word_1_255' title='bbox 1283 3028 1307 3082; x_wconf 87' lang='lat' dir='ltr'><strong>si</strong></span> <span class='ocrx_word' id='word_1_256' title='bbox 1331 3028 1386 3083; x_wconf 84' lang='grc'><strong>1666</strong></span> 
     </span>
     <span class='ocr_line' id='line_1_28' title="bbox 151 3116 1386 3188; baseline -0.001 -16"><span class='ocrx_word' id='word_1_257' title='bbox 151 3117 345 3188; x_wconf 72' lang='lat' dir='ltr'><strong>pulchritudo,</strong></span> <span class='ocrx_word' id='word_1_258' title='bbox 359 3119 458 3172; x_wconf 81' lang='lat' dir='ltr'><strong>cultae.</strong></span> <span class='ocrx_word' id='word_1_259' title='bbox 488 3117 514 3172; x_wconf 84' lang='grc'><strong>6.</strong></span> <span class='ocrx_word' id='word_1_260' title='bbox 525 3119 568 3185; x_wconf 78' lang='lat'><strong>20,</strong></span> <span class='ocrx_word' id='word_1_261' title='bbox 578 3119 667 3174; x_wconf 83' lang='grc'><strong>696.</strong></span> <span class='ocrx_word' id='word_1_262' title='bbox 676 3123 745 3174; x_wconf 89' lang='grc'><strong>6.-</strong></span> <span class='ocrx_word' id='word_1_263' title='bbox 799 3122 904 3174; x_wconf 89' lang='lat' dir='ltr'><strong>tantum</strong></span> <span class='ocrx_word' id='word_1_264' title='bbox 923 3122 1056 3186; x_wconf 84' lang='lat' dir='ltr'><strong>vacasset,</strong></span> <span class='ocrx_word' id='word_1_265' title='bbox 1080 3134 1133 3172; x_wconf 92' lang='lat' dir='ltr'><strong>non</strong></span> <span class='ocrx_word' id='word_1_266' title='bbox 1151 3116 1219 3172; x_wconf 90' lang='lat' dir='ltr'><strong>alius</strong></span> <span class='ocrx_word' id='word_1_267' title='bbox 1237 3133 1269 3171; x_wconf 79' lang='lat' dir='ltr'><strong>ex</strong></span> <span class='ocrx_word' id='word_1_268' title='bbox 1287 3117 1386 3172; x_wconf 85' lang='grc'><strong>6661616</strong></span> 
     </span>
     <span class='ocr_line' id='line_1_29' title="bbox 157 3197 1386 3276; baseline 0 -16"><span class='ocrx_word' id='word_1_269' title='bbox 157 3197 364 3262; x_wconf 78' lang='lat' dir='ltr'><strong>Uberultitudo</strong></span> <span class='ocrx_word' id='word_1_270' title='bbox 377 3223 399 3262; x_wconf 90' lang='grc'><strong>6.</strong></span> <span class='ocrx_word' id='word_1_271' title='bbox 413 3208 456 3276; x_wconf 87' lang='grc'><strong>31,</strong></span> <span class='ocrx_word' id='word_1_272' title='bbox 471 3208 514 3262; x_wconf 78' lang='lat'><strong>27.</strong></span> <span class='ocrx_word' id='word_1_273' title='bbox 546 3206 599 3262; x_wconf 84' lang='lat' dir='ltr'><strong>Cic.</strong></span> <span class='ocrx_word' id='word_1_274' title='bbox 613 3207 691 3263; x_wconf 84' lang='lat' dir='ltr'><strong>Brut</strong></span> <span class='ocrx_word' id='word_1_275' title='bbox 700 3209 744 3263; x_wconf 90' lang='grc'><strong>66.</strong></span> <span class='ocrx_word' id='word_1_276' title='bbox 798 3211 892 3264; x_wconf 89' lang='lat' dir='ltr'><strong>contra</strong></span> <span class='ocrx_word' id='word_1_277' title='bbox 909 3207 1058 3263; x_wconf 85' lang='lat' dir='ltr'><strong>Ciceronem</strong></span> <span class='ocrx_word' id='word_1_278' title='bbox 1076 3205 1263 3262; x_wconf 85' lang='lat' dir='ltr'><strong>nominaretur.</strong></span> <span class='ocrx_word' id='word_1_279' title='bbox 1300 3206 1386 3261; x_wconf 86' lang='lat' dir='ltr'><strong>Tanta</strong></span> 
     </span>
     <span class='ocr_line' id='line_1_30' title="bbox 156 3293 1386 3366; baseline 0 -16"><span class='ocrx_word' id='word_1_280' title='bbox 156 3293 248 3361; x_wconf 82' lang='lat' dir='ltr'><strong>QuInt</strong></span> <span class='ocrx_word' id='word_1_281' title='bbox 267 3296 300 3364; x_wconf 87' lang='lat' dir='ltr'><strong>X,</strong></span> <span class='ocrx_word' id='word_1_282' title='bbox 320 3297 345 3362; x_wconf 89' lang='lat'><strong>1,</strong></span> <span class='ocrx_word' id='word_1_283' title='bbox 363 3298 407 3351; x_wconf 88' lang='lat'><strong>81.</strong></span> <span class='ocrx_word' id='word_1_284' title='bbox 797 3298 826 3352; x_wconf 92' lang='lat' dir='ltr'><strong>in</strong></span> <span class='ocrx_word' id='word_1_285' title='bbox 844 3315 874 3353; x_wconf 91' lang='lat' dir='ltr'><strong>eo</strong></span> <span class='ocrx_word' id='word_1_286' title='bbox 893 3298 932 3354; x_wconf 87' lang='grc'><strong>616</strong></span> <span class='ocrx_word' id='word_1_287' title='bbox 948 3300 998 3366; x_wconf 88' lang='grc'><strong>661,</strong></span> <span class='ocrx_word' id='word_1_288' title='bbox 1016 3297 1045 3351; x_wconf 88' lang='grc'><strong>11</strong></span> <span class='ocrx_word' id='word_1_289' title='bbox 1058 3312 1173 3364; x_wconf 85' lang='lat' dir='ltr'><strong>acumen,</strong></span> <span class='ocrx_word' id='word_1_290' title='bbox 1192 3312 1223 3350; x_wconf 87' lang='lat' dir='ltr'><strong>aa</strong></span> <span class='ocrx_word' id='word_1_291' title='bbox 1236 3296 1386 3364; x_wconf 87' lang='grc'><strong>6666116116,</strong></span> 
     </span>
     <span class='ocr_line' id='line_1_31' title="bbox 192 3383 1386 3455; baseline -0.001 -15"><span class='ocrx_word' id='word_1_292' title='bbox 192 3383 291 3441; x_wconf 67' lang='lat' dir='ltr'><strong>&amp;aaa</strong></span> <span class='ocrx_word' id='word_1_293' title='bbox 309 3386 375 3441; x_wconf 79' lang='lat' dir='ltr'><strong>ittae</strong></span> <span class='ocrx_word' id='word_1_294' title='bbox 388 3385 543 3454; x_wconf 78' lang='grc'><strong>6666666666]</strong></span> <span class='ocrx_word' id='word_1_295' title='bbox 563 3385 642 3455; x_wconf 86' lang='lat' dir='ltr'><strong>„jane</strong></span> <span class='ocrx_word' id='word_1_296' title='bbox 654 3385 745 3453; x_wconf 78' lang='lat' dir='ltr'><strong>(allbe</strong></span> <span class='ocrx_word' id='word_1_297' title='bbox 799 3389 831 3441; x_wconf 91' lang='lat' dir='ltr'><strong>ut</strong></span> <span class='ocrx_word' id='word_1_298' title='bbox 847 3387 923 3442; x_wconf 90' lang='lat' dir='ltr'><strong>illum</strong></span> <span class='ocrx_word' id='word_1_299' title='bbox 941 3386 1030 3441; x_wconf 87' lang='lat' dir='ltr'><strong>eodem</strong></span> <span class='ocrx_word' id='word_1_300' title='bbox 1043 3385 1129 3440; x_wconf 87' lang='lat' dir='ltr'><strong>animo</strong></span> <span class='ocrx_word' id='word_1_301' title='bbox 1144 3383 1248 3454; x_wconf 85' lang='lat' dir='ltr'><strong>dixisse,</strong></span> <span class='ocrx_word' id='word_1_302' title='bbox 1267 3401 1318 3455; x_wconf 86' lang='lat' dir='ltr'><strong>quc</strong></span> <span class='ocrx_word' id='word_1_303' title='bbox 1332 3384 1386 3440; x_wconf 88' lang='lat' dir='ltr'><strong>bal·</strong></span> 
     </span>
     <span class='ocr_line' id='line_1_32' title="bbox 157 3473 1387 3546; baseline 0 -18"><span class='ocrx_word' id='word_1_304' title='bbox 157 3473 266 3540; x_wconf 85' lang='lat' dir='ltr'><strong>Iannta)</strong></span> <span class='ocrx_word' id='word_1_305' title='bbox 290 3473 407 3542; x_wconf 82' lang='lat' dir='ltr'><strong>niedrige</strong></span> <span class='ocrx_word' id='word_1_306' title='bbox 429 3473 690 3530; x_wconf 83' lang='lat' dir='ltr'><strong>husdruclrsweise“.</strong></span> <span class='ocrx_word' id='word_1_307' title='bbox 709 3500 745 3513; x_wconf 91' lang='grc'><strong>-</strong></span> <span class='ocrx_word' id='word_1_308' title='bbox 798 3474 872 3541; x_wconf 89' lang='grc'><strong>16611,</strong></span> <span class='ocrx_word' id='word_1_309' title='bbox 891 3475 1048 3546; x_wconf 52' lang='grc'><strong>6666666111.</strong></span> <span class='ocrx_word' id='word_1_310' title='bbox 1074 3501 1107 3512; x_wconf 92' lang='lat'>-</span> <span class='ocrx_word' id='word_1_311' title='bbox 1130 3473 1387 3543; x_wconf 76' lang='grc'><strong>6666166]161666-</strong></span> 
     </span>
     <span class='ocr_line' id='line_1_33' title="bbox 155 3561 1386 3632; baseline -0.001 -15"><span class='ocrx_word' id='word_1_312' title='bbox 155 3562 248 3618; x_wconf 74' lang='grc'><strong>6666166</strong></span> <span class='ocrx_word' id='word_1_313' title='bbox 262 3562 424 3632; x_wconf 85' lang='lat' dir='ltr'><strong>istatetiger</strong></span> <span class='ocrx_word' id='word_1_314' title='bbox 438 3561 549 3631; x_wconf 79' lang='lat' dir='ltr'><strong>Gogens.</strong></span> <span class='ocrx_word' id='word_1_315' title='bbox 564 3563 694 3618; x_wconf 75' lang='grc'><strong>6661166.</strong></span> <span class='ocrx_word' id='word_1_316' title='bbox 710 3591 743 3602; x_wconf 95' lang='lat'><em>—</em></span> <span class='ocrx_word' id='word_1_317' title='bbox 799 3563 867 3617; x_wconf 86' lang='lat' dir='ltr'><strong>salar</strong></span> <span class='ocrx_word' id='word_1_318' title='bbox 885 3563 995 3618; x_wconf 83' lang='lat' dir='ltr'><strong>Bedeut</strong></span> <span class='ocrx_word' id='word_1_319' title='bbox 1013 3562 1097 3618; x_wconf 87' lang='lat' dir='ltr'><strong>findet</strong></span> <span class='ocrx_word' id='word_1_320' title='bbox 1121 3563 1178 3618; x_wconf 85' lang='lat' dir='ltr'><strong>sich</strong></span> <span class='ocrx_word' id='word_1_321' title='bbox 1196 3563 1238 3618; x_wconf 90' lang='lat' dir='ltr'><strong>bei</strong></span> <span class='ocrx_word' id='word_1_322' title='bbox 1255 3562 1315 3617; x_wconf 85' lang='lat' dir='ltr'><strong>Tac.</strong></span> <span class='ocrx_word' id='word_1_323' title='bbox 1335 3579 1386 3617; x_wconf 91' lang='lat' dir='ltr'><strong>nur</strong></span> 
     </span>
     <span class='ocr_line' id='line_1_34' title="bbox 156 3650 1118 3720; baseline 0 -14"><span class='ocrx_word' id='word_1_324' title='bbox 156 3651 239 3706; x_wconf 77' lang='grc'><strong>11666</strong></span> <span class='ocrx_word' id='word_1_325' title='bbox 253 3651 423 3720; x_wconf 74' lang='grc'><strong>6666666616]</strong></span> <span class='ocrx_word' id='word_1_326' title='bbox 436 3651 484 3705; x_wconf 87' lang='grc'><strong>166</strong></span> <span class='ocrx_word' id='word_1_327' title='bbox 497 3652 744 3708; x_wconf 81' lang='lat' dir='ltr'><strong>unauaammenhtn·</strong></span> <span class='ocrx_word' id='word_1_328' title='bbox 797 3651 855 3706; x_wconf 91' lang='lat' dir='ltr'><strong>hier</strong></span> <span class='ocrx_word' id='word_1_329' title='bbox 873 3651 927 3706; x_wconf 91' lang='grc'><strong>661</strong></span> <span class='ocrx_word' id='word_1_330' title='bbox 944 3650 1016 3706; x_wconf 83' lang='lat' dir='ltr'><strong>Hiat</strong></span> <span class='ocrx_word' id='word_1_331' title='bbox 1033 3650 1057 3719; x_wconf 95' lang='grc' dir='ltr'><strong>Ι,</strong></span> <span class='ocrx_word' id='word_1_332' title='bbox 1075 3651 1118 3708; x_wconf 84' lang='grc'><strong>66.</strong></span> 
     </span>
     <span class='ocr_line' id='line_1_35' title="bbox 153 3739 1384 3811; baseline 0 -17"><span class='ocrx_word' id='word_1_333' title='bbox 153 3739 254 3809; x_wconf 80' lang='lat' dir='ltr'><strong>gande,</strong></span> <span class='ocrx_word' id='word_1_334' title='bbox 274 3739 440 3794; x_wconf 84' lang='lat' dir='ltr'><strong>ldchenhaito</strong></span> <span class='ocrx_word' id='word_1_335' title='bbox 457 3739 645 3795; x_wconf 86' lang='lat' dir='ltr'><strong>Pariodenbau.</strong></span> <span class='ocrx_word' id='word_1_336' title='bbox 682 3740 742 3810; x_wconf 83' lang='lat' dir='ltr'><strong>Vgl.</strong></span> <span class='ocrx_word' id='word_1_337' title='bbox 836 3752 876 3796; x_wconf 83' lang='lat' dir='ltr'><strong>ao.</strong></span> <span class='ocrx_word' id='word_1_338' title='bbox 905 3740 1095 3811; x_wconf 79' lang='lat' dir='ltr'><strong>capitationea]</strong></span> <span class='ocrx_word' id='word_1_339' title='bbox 1128 3739 1317 3808; x_wconf 83' lang='lat' dir='ltr'><strong>„Entwttrlo“.</strong></span> <span class='ocrx_word' id='word_1_340' title='bbox 1350 3767 1384 3778; x_wconf 92' lang='lat'><em>-</em></span> 
     </span>
     <span class='ocr_line' id='line_1_36' title="bbox 155 3827 1384 3900; baseline 0.001 -16"><span class='ocrx_word' id='word_1_341' title='bbox 155 3828 209 3884; x_wconf 83' lang='lat' dir='ltr'><strong>Cic.</strong></span> <span class='ocrx_word' id='word_1_342' title='bbox 224 3827 269 3884; x_wconf 91' lang='lat' dir='ltr'><strong>Or.</strong></span> <span class='ocrx_word' id='word_1_343' title='bbox 284 3829 334 3883; x_wconf 76' lang='lat'><strong>32:</strong></span> <span class='ocrx_word' id='word_1_344' title='bbox 353 3828 471 3895; x_wconf 87' lang='lat' dir='ltr'><strong>„mutila</strong></span> <span class='ocrx_word' id='word_1_345' title='bbox 489 3829 615 3899; x_wconf 82' lang='lat' dir='ltr'><strong>quaedam</strong></span> <span class='ocrx_word' id='word_1_346' title='bbox 628 3832 658 3884; x_wconf 92' lang='grc'><strong>61</strong></span> <span class='ocrx_word' id='word_1_347' title='bbox 670 3829 744 3884; x_wconf 87' lang='lat' dir='ltr'><strong>hian-</strong></span> <span class='ocrx_word' id='word_1_348' title='bbox 797 3831 992 3900; x_wconf 79' lang='lat' dir='ltr'><strong>occupationes</strong></span> <span class='ocrx_word' id='word_1_349' title='bbox 1008 3827 1112 3898; x_wconf 79' lang='grc'><strong>666666]</strong></span> <span class='ocrx_word' id='word_1_350' title='bbox 1138 3853 1173 3874; x_wconf 91' lang='grc'><strong>-</strong></span> <span class='ocrx_word' id='word_1_351' title='bbox 1189 3831 1231 3886; x_wconf 82' lang='lat' dir='ltr'><strong>rei</strong></span> <span class='ocrx_word' id='word_1_352' title='bbox 1248 3830 1384 3900; x_wconf 75' lang='lat' dir='ltr'><strong>publicae,</strong></span> 
     </span>
     <span class='ocr_line' id='line_1_37' title="bbox 157 3916 1384 3988; baseline 0 -16"><span class='ocrx_word' id='word_1_353' title='bbox 157 3917 296 3972; x_wconf 86' lang='grc'><strong>116166611</strong></span> <span class='ocrx_word' id='word_1_354' title='bbox 319 3917 413 3972; x_wconf 89' lang='lat' dir='ltr'><strong>sunt“.</strong></span> <span class='ocrx_word' id='word_1_355' title='bbox 450 3916 541 3983; x_wconf 83' lang='lat' dir='ltr'><strong>Quint</strong></span> <span class='ocrx_word' id='word_1_356' title='bbox 560 3917 632 3986; x_wconf 86' lang='lat' dir='ltr'>VIII,</span> <span class='ocrx_word' id='word_1_357' title='bbox 652 3921 677 3986; x_wconf 91' lang='grc'><strong>6,</strong></span> <span class='ocrx_word' id='word_1_358' title='bbox 695 3919 743 3974; x_wconf 75' lang='grc'><strong>226</strong></span> <span class='ocrx_word' id='word_1_359' title='bbox 798 3920 840 3974; x_wconf 89' lang='grc'><strong>116</strong></span> <span class='ocrx_word' id='word_1_360' title='bbox 864 3919 1032 3988; x_wconf 83' lang='lat' dir='ltr'><strong>Thttiglreit,</strong></span> <span class='ocrx_word' id='word_1_361' title='bbox 1060 3918 1156 3973; x_wconf 85' lang='lat' dir='ltr'><strong>welche</strong></span> <span class='ocrx_word' id='word_1_362' title='bbox 1184 3919 1230 3974; x_wconf 89' lang='lat' dir='ltr'><strong>der</strong></span> <span class='ocrx_word' id='word_1_363' title='bbox 1254 3917 1333 3973; x_wconf 85' lang='grc'><strong>61661</strong></span> <span class='ocrx_word' id='word_1_364' title='bbox 1356 3918 1384 3972; x_wconf 87' lang='grc'><strong>16</strong></span> 
     </span>
     <span class='ocr_line' id='line_1_38' title="bbox 156 4005 1384 4079; baseline -0.003 -17"><span class='ocrx_word' id='word_1_365' title='bbox 156 4007 308 4075; x_wconf 84' lang='lat' dir='ltr'><strong>„dissoluta</strong></span> <span class='ocrx_word' id='word_1_366' title='bbox 334 4009 362 4060; x_wconf 91' lang='grc'><strong>61</strong></span> <span class='ocrx_word' id='word_1_367' title='bbox 388 4006 465 4061; x_wconf 89' lang='lat' dir='ltr'><strong>hians</strong></span> <span class='ocrx_word' id='word_1_368' title='bbox 492 4007 608 4062; x_wconf 88' lang='lat' dir='ltr'><strong>oratio“.</strong></span> <span class='ocrx_word' id='word_1_369' title='bbox 637 4037 671 4048; x_wconf 96' lang='lat'>-</span> <span class='ocrx_word' id='word_1_370' title='bbox 699 4008 742 4063; x_wconf 79' lang='lat' dir='ltr'><strong>ira·</strong></span> <span class='ocrx_word' id='word_1_371' title='bbox 797 4007 937 4079; x_wconf 71' lang='grc'><strong>66666666</strong></span> <span class='ocrx_word' id='word_1_372' title='bbox 955 4007 1061 4074; x_wconf 89' lang='lat' dir='ltr'><strong>nimmt,</strong></span> <span class='ocrx_word' id='word_1_373' title='bbox 1086 4005 1245 4077; x_wconf 87' lang='lat' dir='ltr'><strong>„politisehe</strong></span> <span class='ocrx_word' id='word_1_374' title='bbox 1263 4005 1384 4059; x_wconf 78' lang='grc'><strong>66661661-</strong></span> 
     </span>
     <span class='ocr_line' id='line_1_39' title="bbox 156 4093 1383 4167; baseline -0.004 -15"><span class='ocrx_word' id='word_1_375' title='bbox 156 4096 264 4153; x_wconf 80' lang='lat' dir='ltr'><strong>cocdtti</strong></span> <span class='ocrx_word' id='word_1_376' title='bbox 289 4095 395 4163; x_wconf 79' lang='grc'><strong>666666]</strong></span> <span class='ocrx_word' id='word_1_377' title='bbox 424 4096 646 4165; x_wconf 79' lang='lat' dir='ltr'><strong>„ungeschiclrtsa</strong></span> <span class='ocrx_word' id='word_1_378' title='bbox 671 4096 744 4152; x_wconf 84' lang='lat' dir='ltr'><strong>Sata·</strong></span> <span class='ocrx_word' id='word_1_379' title='bbox 798 4098 923 4167; x_wconf 56' lang='grc'><strong>666661</strong></span> <span class='ocrx_word' id='word_1_380' title='bbox 950 4096 1010 4166; x_wconf 81' lang='lat' dir='ltr'><strong>Vgl.</strong></span> <span class='ocrx_word' id='word_1_381' title='bbox 1025 4095 1098 4152; x_wconf 83' lang='lat' dir='ltr'><strong>Caes.</strong></span> <span class='ocrx_word' id='word_1_382' title='bbox 1113 4095 1179 4150; x_wconf 86' lang='lat' dir='ltr'><strong>Bell.</strong></span> <span class='ocrx_word' id='word_1_383' title='bbox 1195 4093 1262 4150; x_wconf 86' lang='lat' dir='ltr'><strong>Gall.</strong></span> <span class='ocrx_word' id='word_1_384' title='bbox 1277 4093 1324 4160; x_wconf 88' lang='lat' dir='ltr'><strong>IV,</strong></span> <span class='ocrx_word' id='word_1_385' title='bbox 1334 4093 1383 4148; x_wconf 85' lang='lat'><strong>16:</strong></span> 
     </span>
     <span class='ocr_line' id='line_1_40' title="bbox 156 4182 1385 4256; baseline -0.002 -18"><span class='ocrx_word' id='word_1_386' title='bbox 156 4185 280 4254; x_wconf 80' lang='lat' dir='ltr'><strong>gefiige“.</strong></span> <span class='ocrx_word' id='word_1_387' title='bbox 307 4184 359 4240; x_wconf 87' lang='lat' dir='ltr'><strong>Cic.</strong></span> <span class='ocrx_word' id='word_1_388' title='bbox 374 4183 419 4240; x_wconf 90' lang='lat' dir='ltr'><strong>Or.</strong></span> <span class='ocrx_word' id='word_1_389' title='bbox 437 4185 501 4240; x_wconf 88' lang='grc'><strong>1606</strong></span> <span class='ocrx_word' id='word_1_390' title='bbox 520 4185 660 4256; x_wconf 83' lang='lat' dir='ltr'><strong>„quamvis</strong></span> <span class='ocrx_word' id='word_1_391' title='bbox 673 4186 744 4240; x_wconf 91' lang='lat' dir='ltr'><strong>enim</strong></span> <span class='ocrx_word' id='word_1_392' title='bbox 797 4228 814 4255; x_wconf 96' lang='lat'>„</span> <span class='ocrx_word' id='word_1_393' title='bbox 820 4185 1032 4256; x_wconf 84' lang='lat' dir='ltr'><strong>occupationibus</strong></span> <span class='ocrx_word' id='word_1_394' title='bbox 1049 4185 1088 4240; x_wconf 86' lang='lat' dir='ltr'><strong>rai</strong></span> <span class='ocrx_word' id='word_1_395' title='bbox 1105 4182 1224 4255; x_wconf 84' lang='lat' dir='ltr'><strong>publicae</strong></span> <span class='ocrx_word' id='word_1_396' title='bbox 1237 4182 1385 4254; x_wconf 86' lang='lat' dir='ltr'><strong>prohibere-</strong></span> 
     </span>
     <span class='ocr_line' id='line_1_41' title="bbox 157 4271 1384 4343; baseline -0.001 -16"><span class='ocrx_word' id='word_1_397' title='bbox 157 4291 250 4328; x_wconf 87' lang='grc'><strong>666666</strong></span> <span class='ocrx_word' id='word_1_398' title='bbox 272 4290 397 4343; x_wconf 77' lang='lat' dir='ltr'><strong>gravasse</strong></span> <span class='ocrx_word' id='word_1_399' title='bbox 421 4274 581 4342; x_wconf 86' lang='lat' dir='ltr'><strong>sententiae,</strong></span> <span class='ocrx_word' id='word_1_400' title='bbox 607 4277 696 4329; x_wconf 89' lang='lat' dir='ltr'><strong>tamen</strong></span> <span class='ocrx_word' id='word_1_401' title='bbox 720 4275 744 4329; x_wconf 91' lang='grc'><strong>61</strong></span> <span class='ocrx_word' id='word_1_402' title='bbox 798 4276 873 4330; x_wconf 89' lang='grc'><strong>166“.</strong></span> <span class='ocrx_word' id='word_1_403' title='bbox 898 4274 948 4329; x_wconf 89' lang='lat' dir='ltr'><strong>Die</strong></span> <span class='ocrx_word' id='word_1_404' title='bbox 961 4273 1218 4328; x_wconf 81' lang='lat' dir='ltr'><strong>schriftatellerische</strong></span> <span class='ocrx_word' id='word_1_405' title='bbox 1231 4271 1384 4341; x_wconf 76' lang='lat' dir='ltr'><strong>Thrdgkeit</strong></span> 
     </span>
     <span class='ocr_line' id='line_1_42' title="bbox 155 4360 1385 4432; baseline -0.002 -14"><span class='ocrx_word' id='word_1_406' title='bbox 155 4363 297 4418; x_wconf 84' lang='grc'><strong>1666611116</strong></span> <span class='ocrx_word' id='word_1_407' title='bbox 321 4365 406 4420; x_wconf 83' lang='lat' dir='ltr'><strong>verbis</strong></span> <span class='ocrx_word' id='word_1_408' title='bbox 424 4364 582 4432; x_wconf 78' lang='lat' dir='ltr'><strong>efferuntur,</strong></span> <span class='ocrx_word' id='word_1_409' title='bbox 607 4363 744 4419; x_wconf 80' lang='lat' dir='ltr'><strong>offendunt</strong></span> <span class='ocrx_word' id='word_1_410' title='bbox 798 4362 892 4419; x_wconf 79' lang='grc'><strong>(166666</strong></span> <span class='ocrx_word' id='word_1_411' title='bbox 906 4363 984 4418; x_wconf 83' lang='grc'><strong>661616</strong></span> <span class='ocrx_word' id='word_1_412' title='bbox 997 4361 1065 4416; x_wconf 91' lang='lat' dir='ltr'><strong>auch</strong></span> <span class='ocrx_word' id='word_1_413' title='bbox 1079 4361 1202 4418; x_wconf 75' lang='grc'><strong>61166661</strong></span> <span class='ocrx_word' id='word_1_414' title='bbox 1216 4360 1385 4417; x_wconf 76' lang='grc'><strong>6616666611·</strong></span> 
     </span>
    </p>
   </div>
   <div class='ocr_carea' id='block_1_4' title="bbox 0 0 1550 4878">
    <p class='ocr_par' dir='ltr' id='par_1_4' title="bbox 0 0 1550 4878">
     <span class='ocr_line' id='line_1_43' title="bbox 0 0 1550 4878; baseline 0 2"><span class='ocrx_word' id='word_1_415' title='bbox 0 0 1550 4878; x_wconf 95' lang='lat' dir='ltr'><strong> </strong></span> 
     </span>
    </p>
   </div>
  </div>
 </body>
</html>
