3092 4878
155 327 193 388 84
664 329 777 386 Cornelii
794 330 878 386 Taciti

107 513 113 522 ·
158 491 212 573 qui
234 492 410 573 principem
440 491 473 554 in
501 491 629 556 civitate
659 491 765 554 locum
795 491 965 556 obtinebat.
1010 491 1106 555 Hunc
1137 492 1267 568 sectari,
1298 492 1386 556 hunc

131 599 312 680 sprosequi,
335 597 430 661 huius
455 597 600 662 omnibus
624 596 814 662 dictionibus
837 597 993 662 interesse
1018 597 1083 661 sive
1107 597 1140 660 in
1163 597 1287 662 iudiciis
1317 598 1385 662 sive

155 705 189 768 in
213 705 412 768 contionibus
436 702 658 780 adsuescebet,
681 703 728 767 ita
752 706 789 766 ut
817 704 1039 768 altereationes
1069 721 1195 785 quoque
1225 705 1386 787 exciperet

157 813 189 875 et
210 811 321 892 iurgiis
345 812 515 876 interesset
538 813 637 891 utque
661 810 706 874 sio
729 809 871 886 dixerim,
893 829 1037 893 pugnare
1054 810 1086 874 in
1102 810 1220 893 proelio
1237 810 1385 876 disseret.

156 917 294 998 Magnus
318 935 355 982 ex
378 918 438 982 hoo
462 935 552 993 usus,
576 917 715 981 multum
739 917 945 993 constantiae,
968 918 1143 999 plurimum
1165 917 1273 980 iudicii
1295 917 1387 981 iuve-

156 1023 249 1088 nibus
273 1025 385 1088 statim
408 1024 620 1104 contingebat,
643 1024 676 1086 in
700 1022 805 1086 media
835 1024 905 1088 luce
936 1022 1140 1088 studentibus
1171 1025 1268 1104 atque
1299 1024 1385 1089 inter

115 1130 226 1214 scipsa
256 1128 452 1206 discrimine,
488 1129 542 1193 ubi
576 1148 669 1193 nemo
698 1129 827 1210 impune
858 1129 957 1193 stulte
988 1129 1109 1210 aliquid
1139 1131 1196 1192 ant
1226 1130 1384 1194 contrarie

156 1237 248 1312 didit,
273 1236 465 1318 quominus
490 1239 522 1302 et
545 1236 640 1300 iudex
662 1238 794 1318 respuat
817 1237 849 1299 et
879 1235 1080 1299 adversarius
1111 1237 1292 1319 exprobret,
1322 1236 1385 1320 ipsi

155 1343 291 1424 denique
315 1343 460 1407 advocati
491 1345 709 1426 aspernentur.
753 1342 857 1424 Igitur
887 1361 962 1406 vera
992 1343 1105 1407 statim
1134 1345 1167 1406 et
1199 1343 1385 1425 incorrupte

155 1450 337 1531 eloquentia
359 1450 601 1523 imbuebantur;
626 1451 658 1514 et
682 1467 878 1530 quamquam
901 1468 1002 1514 unum
1026 1451 1249 1530 sequerentur,
1274 1451 1384 1513 tamen

155 1575 264 1621 omnes
288 1555 431 1621 eiusdem
455 1556 570 1622 aetatis
594 1558 744 1639 patronos
767 1556 800 1620 in
823 1556 968 1638 plurimis
999 1559 1032 1622 et
1062 1555 1166 1620 causis
1197 1559 1230 1622 et
1257 1555 1382 1620 iudiciis

154 1767 223 1822 libus
237 1770 404 1822 assecutus“.
424 1768 475 1824 Cic.
487 1769 564 1822 Brut.
574 1769 641 1822 238:
662 1768 741 1834 „illu-
795 1767 890 1822 dixeris
917 1767 1001 1836 magis
1028 1785 1150 1822 mucrone
1177 1767 1321 1838 pugnari“.
1348 1797 1382 1807 —

155 1856 276 1910 atriorem
300 1856 436 1910 obtinebat
463 1858 578 1911 loeum“.
606 1886 641 1896 -
668 1858 742 1911 beroe
794 1861 879 1925 utque
903 1857 943 1910 sic
968 1856 1097 1924 dimon]
1121 1857 1169 1910 wie
1191 1858 1240 1923 40,
1262 1857 1294 1910 17
1314 1849 1340 1910 οἶ
1358 1860 1382 1911 ὃ.

122 1977 125 1984 »
154 1945 334 2012 scotaneto]
354 1945 402 1998 Die
420 1962 502 2013 gunzo
520 1946 602 2000 Stella
621 1946 672 2014 vgl.
691 1945 742 2000 mit
794 1945 836 1998 bei
850 1944 957 1998 Tacitus
972 1945 1025 1998 und
1036 1943 1189 2010 Quintilian.
1213 1944 1294 1998 Sonat
1308 1944 1384 1998 steht

155 2034 186 2100 2,
205 2033 254 2088 off.
276 2051 362 2103 „quos
380 2033 407 2086 in
430 2034 533 2103 publico
557 2035 739 2089 adsectabar“.
795 2033 879 2087 dieser
897 2033 1054 2087 Potentialis
1072 2034 1140 2088 Perf.
1158 2050 1209 2087 nur
1233 2034 1261 2087 in
1279 2033 1384 2103 Haupt

192 2135 215 2176 o.
234 2123 349 2176 Beacme
368 2124 410 2176 die
429 2122 586 2191 Steigerung
604 2126 672 2190 (vom
686 2123 741 2176 All·
795 2125 893 2176 οᾱονοο.

153 2212 288 2282 gemeinen
318 2229 376 2265 zum
403 2211 578 2278 Besondernl:
611 2213 741 2268 dictioni·
831 2211 1002 2279 comissatio]
1022 2211 1218 2278 ‚,Sicherheit“.
1245 2240 1279 2250 —
1304 2210 1381 2264 ioui-

154 2301 204 2356 bree
303 2301 532 2356 altercationibus
628 2302 740 2371 turpir's]
795 2299 879 2367 dum]
899 2299 1137 2369 „Femffihbgkoiu
1162 2299 1260 2354 Talrt“.
1287 2327 1320 2336 -
1349 2300 1382 2353 ἑο

153 2389 263 2443 welches
295 2386 350 2444 der'
371 2390 481 2443 Verlaui
510 2390 556 2444 des
583 2391 741 2446 Verfehrens
794 2389 886 2444 meula
912 2389 983 2457 laec]
1012 2379 1047 2434 ὲ
1076 2389 1192 2457 ‚,forensi
1216 2389 1303 2455 luce“,
1328 2387 1381 2444 cio.

153 2496 199 2532 νοτ
223 2476 332 2533 Gericht
356 2479 395 2533 olt
418 2496 507 2547 genug
532 2480 681 2550 entsprach.
704 2515 741 2526 -
794 2477 871 2533 Brut.
890 2479 933 2533 ³2.
970 2479 1031 2547 Vgl.
1050 2478 1083 2532 de
1106 2478 1274 2545 or.1,15'1:
1299 2477 1383 2544 „edu-

153 2569 280 2622 omm'bue
305 2568 482 2636 dictionibus]
507 2569 621 2636 „ellem,
641 2587 741 2624 neser
794 2567 875 2621 cende
893 2567 973 2621 dictio
992 2571 1035 2621 est
1052 2584 1084 2621 ex
1101 2567 1151 2621 hac
1173 2566 1382 2638 domesticedex·

153 2657 271 2711 redete“.
315 2656 406 2710 Neben
431 2657 516 2711 dieser
542 2659 740 2726 ullgameinsten
794 2657 947 2724 ercitatiope
979 2660 1007 2710 et
1039 2655 1175 2710 umbratili
1206 2655 1321 2710 medium
1353 2656 1381 2709 in

152 2745 310 2813 Bedeutuug
327 2745 375 2798 hat
394 2745 479 2800 dictio
498 2747 565 2799 noch
583 2747 640 2800 eine
658 2751 740 2802 etwas
794 2761 901 2813 agmen,
934 2746 961 2798 in
992 2746 1139 2816 pulverem,
1165 2746 1194 2798 in
1221 2745 1381 2799 elamorem“

152 2834 391 2904 geriugsehatzige,
419 2833 505 2888 indam
533 2851 561 2889 es
589 2853 620 2889 nu
648 2838 739 2892 oratio
794 2836 844 2886 ete.
870 2875 936 2900 „...
955 2837 984 2886 et
1001 2834 1048 2888 ille
1070 2833 1255 2888 commentatio
1280 2833 1382 2888 inclusa

152 2925 181 2979 in
204 2923 342 2978 rihnlichen
369 2921 515 2992 Gegensatz
542 2925 652 2992 gestella
675 2926 740 2981 wird
793 2921 822 2974 in
839 2921 960 2975 veritatis
978 2922 1063 2976 lucem
1081 2922 1234 2993 proferenda
1251 2923 1326 2976 est‘t
1345 2952 1380 2960 —

152 3014 200 3067 wie
218 3014 340 3068 disertus
358 3031 389 3067 nu
408 3019 505 3068 orator
527 3014 581 3068 und
605 3015 739 3084 eloquens.
793 3011 869 3064 inter
881 3011 945 3079 ipae
958 3010 1136 3079 discrimino]
1154 3012 1217 3080 ipsu
1232 3010 1382 3082 antaprieht

153 3101 205 3158 Cic.
234 3102 266 3156 de
293 3119 330 3156 οτ.
358 3103 386 3168 Ι,
416 3102 467 3156 152
495 3102 577 3156 haifst
602 3120 644 3170 es,
672 3104 739 3172 dats,
793 3098 897 3153 medic:
911 3100 947 3152 im
960 3100 1048 3154 hellen
1057 3099 1208 3169 Tegeslieht
1221 3099 1275 3154 und
1284 3100 1382 3154 mitten

152 3209 204 3245 νοτ
228 3191 303 3246 nieht
327 3192 416 3245 seinen
441 3191 492 3245 Stil
517 3191 600 3246 durch
618 3191 739 3248 Studium
793 3187 822 3241 in
840 3188 887 3242 der
905 3187 1009 3243 Gelahr.
1046 3189 1106 3258 Vgl.
1125 3188 1217 3254 Quint.
1235 3189 1268 3257 X,
1288 3190 1313 3256 l,
1331 3190 1380 3244 36:

152 3280 206 3334 und
234 3280 313 3334 violes
338 3280 478 3334 Schreiben
500 3280 739 3349 vervollkommnet‚
795 3294 868 3343 „non
886 3277 994 3332 eandem
1008 3295 1065 3332 esse
1079 3278 1253 3333 condicionem
1268 3279 1381 3332 edamus

152 3369 245 3423 lreinen
268 3368 363 3422 Beifell
386 3372 479 3423 ernten
500 3369 584 3424 kann:
613 3371 740 3436 „etiamsi
793 3365 882 3420 litium
900 3383 931 3420 ac
948 3367 1171 3438 disputationum,
1195 3367 1244 3421 lori
1262 3371 1291 3421 et
1308 3367 1382 3422 audi·

152 3458 379 3512 vehementissime
398 3475 425 3512 se
450 3458 477 3512 in
501 3458 543 3511 his
567 3459 664 3514 subitis
688 3460 740 3514 dic-
794 3455 865 3522 torii,
878 3460 1076 3526 praeceptorum
1089 3457 1380 3526 etpericulorum“.

152 3546 268 3602 tionibus
300 3547 476 3602 exercuerit“.
508 3576 542 3586 -
579 3548 739 3617 altercatio]
833 3555 872 3598 ¹⁰.
892 3544 929 3598 Zu
948 3545 1087 3600 contrane
1102 3545 1190 3600 dicen
1210 3546 1288 3613 „sich
1305 3546 1381 3600 cium
1491 3609 1493 3616 Ι

151 3635 224 3690 Rede
242 3636 296 3690 und
315 3634 479 3704 Gegenrcde,
498 3636 593 3689 welche
611 3635 658 3692 der
676 3654 739 3692 coer·
793 3632 981 3703 Widerspruch
1003 3634 1161 3688 nuschulden
1185 3636 1306 3690 lrommen
1330 3635 1382 3690 las·

151 3726 235 3778 boec
266 3725 425 3792 (perpetua)
458 3724 550 3778 oratic
586 3741 618 3778 zu
653 3726 740 3794 folgen
794 3722 1112 3790 son“vgl35,1a.-
1130 3724 1296 3792 moecatus]
1313 3725 1380 3794 hier,

151 3813 256 3884 pflegte,
275 3812 317 3866 die
333 3813 462 3883 Repliken
480 3813 534 3868 und
547 3814 681 3884 Duplilren
694 3814 740 3868 der
793 3811 841 3864 wie
856 3827 902 3864 νοτ
915 3809 1063 3876 Quintilian
1080 3813 1227 3880 alloeemein,
1246 3837 1281 3858 -ι
1300 3813 1382 3881 ,,Βοί·

151 3901 364 3958 &enmono
376 3902 491 3970 (allgem.
504 3902 577 3956 Hist
591 3902 637 3970 IV,
649 3903 685 3969 7),
698 3903 740 3958 bei
794 3899 903 3966 stand“‚
923 3899 948 3954 d.
964 3899 991 3955 h.
1010 3901 1053 3955 ein
1070 3900 1182 3969 lieund,
1201 3903 1312 3957 welehcr
1329 3903 1381 3958 den

151 3990 266 4045 welchen
285 3987 542 4059 Geistcsgegenwart
565 3992 620 4046 und
638 3991 741 4046 Scharl·
793 3987 1042 4044 Prozelsliihrendcn
1077 4007 1123 4044 νοτ
1155 3989 1265 4046 (lerieht
1297 3991 1381 4046 durch

153 4079 212 4133 sinn
230 4078 281 4133 den
294 4077 444 4146 Ausschleg
457 4079 548 4148 geben,
567 4079 664 4134 welche
678 4081 740 4134 aber
794 4077 864 4132 aeine
883 4076 1040 4147 Gegenwert
1058 4083 1231 4136 unterstlitat

152 4167 219 4222 auch
232 4167 314 4224 leioht
326 4167 355 4221 in
363 4168 603 4222 Persbnlichkcitan
616 4171 740 4224 asserted
828 4167 950 4235 iudicio]
965 4168 1006 4224 die
1020 4169 1219 4224 verschiedenen
1231 4167 1316 4224 Artax
1330 4186 1380 4224 von

152 4258 262 4312 konnen.
299 4255 390 4322 Quint.
407 4255 454 4322 VI,
472 4257 498 4324 4,
517 4257 550 4312 4:
575 4257 740 4328 „munima
794 4255 1006 4312 Geriebtahdlen:
1033 4274 1079 4312 νοτ
1106 4257 1165 4312 dem
1192 4258 1300 4325 Pretor,
1329 4259 1379 4313 den

151 4363 180 4402 ττι
201 4347 251 4400 hac
278 4349 353 4417 perta
377 4345 509 4400 dimicatio
536 4349 580 4400 est
605 4363 653 4400 nec
677 4347 741 4402 alibi
794 4345 972 4412 centumrim,
990 4345 1032 4400 die
1046 4346 1164 4414 publico
1182 4347 1236 4402 und
1254 4347 1377 4418 peona.
