3092 4878
168 284 204 343 78
676 280 788 336 Cornelii
806 279 891 334 Taciti

168 448 245 529 gula
268 446 379 510 statim
403 445 593 526 argumenta
616 442 808 508 concludens
831 441 956 506 dicendi
978 459 1079 522 genus
1102 440 1175 523 plus
1197 437 1272 502 fidei
1293 457 1405 502 mere-

169 557 239 618 tur:
263 553 349 636 apud
370 553 428 616 hos
453 551 577 615 dedisse
600 568 730 633 operam
752 548 937 613 dialecticae
959 547 1111 630 proficiet.
1155 546 1243 610 Alios
1266 545 1340 608 fusa
1364 548 1404 610 et

169 659 344 743 aequabilis
374 660 407 722 et
437 677 474 722 en
504 657 725 722 communibus
756 655 854 720 ducta
888 655 1034 719 sensibus
1070 653 1170 718 oratio
1203 653 1306 734 magis
1344 651 1405 716 de·

125 768 285 832 relectat:
316 763 356 830 ad
386 765 443 828 hos
466 761 695 846 permovendos
718 762 939 826 mutuabimur
963 779 982 825 a
1004 759 1225 843 Peripateticis
1248 761 1341 842 aptos
1365 763 1406 824 et

168 875 202 938 in
232 891 360 938 omnem
389 870 638 953 disputationem
667 869 796 952 paratos
826 869 891 932 iam
920 868 1013 932 locos.
1058 867 1192 931 Dabunt
1216 866 1404 932 Academici

169 980 417 1064 pugnacitatem,
440 976 534 1040 Plato
558 975 773 1050 altitudinem,
795 974 971 1057 Xenophon
994 973 1243 1047 iucunditatem3
1267 992 1306 1037 ne
1322 973 1406 1057 Epi·

170 1087 239 1152 curi
270 1084 399 1167 quidem
430 1085 463 1147 et
491 1082 666 1147 Metrodori
693 1083 846 1146 honestas
877 1081 1033 1163 quasdam
1064 1081 1307 1145 exclamationes
1343 1081 1406 1146 ad·

226 1280 297 1334 alios
371 1276 410 1332 od
428 1277 476 1330 bos
494 1276 557 1343 etc]
575 1276 690 1329 Boachte
708 1275 758 1329 den
811 1274 894 1342 (Cic),
904 1275 1074 1342 allgemeinen
1085 1273 1326 1345 Gesichtspunlsten
1336 1275 1407 1329 oder

170 1368 367 1424 Parallelismus
391 1368 418 1419 in
443 1365 528 1418 dieser
552 1365 668 1418 Periode.
705 1365 759 1418 Der
812 1363 993 1432 Katogorieen,
1012 1363 1108 1417 welche
1127 1380 1155 1417 es
1170 1363 1228 1417 dem
1241 1362 1347 1417 Reddet
1361 1382 1402 1418 er-

170 1457 255 1511 Indik.
274 1455 341 1510 nach
359 1460 426 1509 sunt
448 1470 517 1522 quoe
542 1454 607 1507 hobt
629 1452 677 1506 das
695 1452 758 1506 Vor-
812 1453 957 1521 moglichen
976 1453 1066 1518 sollen,
1086 1453 1149 1505 iiber
1160 1452 1239 1520 jadon
1253 1452 1402 1522 beliebigen

170 1545 331 1600 handensein
357 1543 431 1612 jener
458 1541 759 1610 Geschmacksrichtung
813 1541 982 1610 Gegenstend
1001 1541 1164 1595 methodisch
1181 1558 1213 1595 zu
1231 1541 1353 1596 handeln.

170 1635 336 1689 bestimmten
353 1632 453 1686 horror.
481 1632 541 1700 Vgl.
561 1632 625 1699 Agr.
640 1631 688 1684 28:
707 1647 759 1697 „ac
847 1631 1019 1697 Academici]
1043 1631 1096 1684 Der
1114 1629 1335 1700 Hauptvertreter
1354 1631 1407 1686 der·

170 1724 257 1788 fuera,
284 1738 350 1792 quos
450 1721 626 1775 illustravit“.
651 1750 684 1757 —
708 1718 759 1772 ad-
813 1737 925 1774 neueren
943 1719 1098 1786 Akademis,
1117 1719 1283 1787 Arkesilaos,
1309 1721 1403 1775 stallte

171 1813 300 1867 strictum
324 1816 350 1866 et
373 1809 524 1877 collectum]
551 1808 686 1876 bildllche,
710 1825 759 1862 von
813 1809 853 1862 als
872 1806 1021 1863 Grundsatz
1040 1808 1087 1862 der
1100 1808 1230 1862 Rhetorils
1248 1809 1307 1862 auf:
1325 1809 1406 1864 nicht

172 1901 219 1954 der
249 1900 318 1970 prall
345 1898 515 1968 auliegenden
544 1898 677 1966 Kleidung
704 1901 759 1951 ent·
814 1897 855 1950 die
873 1897 962 1966 eigene
981 1897 1094 1951 Ansicht
1112 1897 1268 1962 verleohten‚
1288 1898 1402 1952 sondern

172 2007 306 2044 nommene
333 1988 500 2053 Ausdrticke‚
533 1988 591 2041 dem
623 1986 760 2041 Gabrauch
814 1985 855 2040 die
873 1986 1042 2054 gegncrisehc
1060 1986 1229 2056 bekdmplcnl
1266 1986 1402 2055 vg1.cio.

172 2079 275 2135 Ciceros
300 2075 498 2148 entsprechend.
541 2075 590 2128 Die
615 2075 676 2143 lolg.
699 2075 760 2128 Tro·
814 2075 846 2127 de
870 2091 906 2128 or.
925 2074 952 2141 1,
971 2075 1018 2129 43:
1044 2075 1209 2142 ‚,aeadcmia‚
1228 2093 1306 2145 quae,
1325 2077 1402 2145 quid-

172 2185 223 2240 pen
246 2167 306 2222 sind
329 2167 388 2220 dem
412 2165 536 2233 fldssigen
559 2164 680 2218 Element
704 2167 760 2217 ent·
814 2163 878 2233 quid
896 2163 1019 2230 dixisses,
1044 2163 1071 2217 id
1091 2165 1222 2234 teipsum
1247 2181 1341 2232 negare
1359 2182 1404 2218 co·

172 2257 255 2312 lehnt.
293 2256 409 2322 doctae,
434 2254 482 2308 wic
504 2254 546 2308 bei
570 2252 624 2308 Cic.
644 2259 759 2313 tractus,
812 2253 923 2319 geret“;
948 2253 1069 2307 ebendas.
1088 2253 1136 2308 84:
1162 2254 1225 2320 „hic
1249 2253 1318 2307 eninr
1343 2270 1403 2308 mos

172 2363 230 2400 vom
243 2345 366 2400 Ableiten
385 2344 432 2397 des
446 2343 566 2396 Wassers
584 2359 632 2396 aus
651 2341 759 2408 Quellen
813 2346 872 2396 erat
884 2342 987 2412 patrius
1001 2342 1147 2396 academiae
1157 2341 1288 2396 adversari
1299 2359 1403 2413 semper

173 2435 235 2490 oder
252 2434 404 2488 Behdltern.
437 2433 468 2486 de
487 2449 524 2488 or.
539 2432 573 2498 ΙΙ,
588 2433 635 2487 64:
655 2449 760 2501 „genus
814 2431 933 2485 omnibus
951 2431 979 2484 in
998 2430 1187 2501 disputando“.
1207 2460 1241 2470 -
1265 2432 1401 2499 altitudo]

173 2526 239 2580 orat.
259 2524 348 2576 lusum
366 2525 446 2592 atque
465 2524 580 2575 tractum
599 2525 703 2575 etcum
726 2522 760 2575 lo·
813 2520 1047 2589 gleichbedeutend
1078 2520 1129 2574 mit
1159 2521 1327 2589 sublimitas,
1354 2520 1403 2574 Er·

173 2613 259 2666 nitate
287 2612 399 2682 quadam
431 2611 561 2680 aequabili
593 2610 759 2680 produons“;
814 2610 968 2676 habenheit,
991 2609 1074 2663 hohor
1097 2609 1240 2678 Schwung;
1267 2610 1402 2676 „multum

173 2701 227 2765 111,
246 2699 289 2754 45.
322 2700 449 2766 11‚159:
479 2715 582 2768 „genus
608 2715 684 2752 serm.
709 2715 761 2752 non
815 2699 883 2752 enim
902 2715 982 2769 supra
998 2714 1102 2768 prosam
1121 2699 1265 2754 orationem
1346 2715 1403 2753 eur-

173 2789 319 2860 liqoidum‚
351 2804 403 2842 non
430 2789 517 2842 fusum
545 2804 576 2840 ac
606 2787 760 2858 profluens“
814 2787 868 2856 git,
887 2790 919 2840 ut
936 2787 1000 2840 mihi
1018 2804 1070 2841 non
1089 2787 1202 2842 hominis
1219 2788 1336 2856 ingenio,
1357 2788 1403 2842 sed

174 2897 200 2934 u.
219 2884 243 2932 d.
261 2895 295 2932 m.
816 2875 927 2945 quodam
943 2876 1062 2946 Delphici
1088 2877 1207 2930 videatur
1231 2878 1335 2931 oraculo
1360 2877 1403 2931 dei

210 2981 362 3022 coramwnea
394 2965 500 3033 semaa]
532 2965 663 3035 gesunder
690 2965 761 3018 Men·
815 2965 980 3018 instinctus“
1000 2964 1090 3030 Quint.
1109 2965 1146 3033 X,
1165 2966 1193 3033 Ι,
1212 2968 1261 3032 81,
1280 2966 1403 3020 abendas.

174 3055 392 3120 schenverstend‚
420 3053 473 3110 Cic.
497 3055 529 3108 de
553 3072 590 3109 or.
615 3054 670 3122 111,
695 3054 760 3109 195:
816 3055 865 3109 82:
895 3055 979 3124 „quid
1002 3071 1050 3124 ego
1075 3072 1271 3109 commemorem
1295 3057 1402 3112 Xeno·

175 3145 266 3216 „quod
291 3161 322 3198 ea
345 3147 408 3198 sunt
432 3144 459 3198 in
478 3143 658 3198 communibus
682 3143 762 3196 infixa
816 3143 960 3214 phontis
983 3143 1241 3198 iucunditatem
1267 3145 1341 3198 illam
1365 3146 1403 3200 in·

175 3235 295 3289 sensibus
313 3250 361 3288 nec
383 3250 472 3287 aarum
496 3249 583 3286 rerum
606 3249 762 3302 quemquam
816 3233 986 3287 affectatam“
1009 3237 1060 3288 etc.
1085 3262 1118 3272 -
1144 3233 1267 3303 Epicrm*
1355 3235 1403 3290 bo·

175 3322 295 3378 funditus
313 3325 409 3376 natura
427 3322 511 3377 voluit
528 3338 585 3376 esse
599 3325 729 3392 expertem
737 3322 761 3388 “‚
815 3328 909 3376 uastos
927 3323 1072 3391 quaedam]
1093 3322 1161 3376 denu
1180 3324 1216 3376 im
1234 3340 1333 3392 gaunon
1352 3323 1403 3378 soll

175 3413 231 3467 also
249 3411 464 3481 Eigonschartsn,
484 3411 526 3464 die
544 3428 605 3465 man
628 3411 702 3464 nicht
724 3428 762 3465 er·
817 3411 864 3465 der
876 3411 981 3464 Rednor
995 3411 1051 3466 sich
1065 3429 1114 3466 von
1125 3411 1200 3481 jener
1213 3412 1303 3479 lehre,
1324 3413 1404 3466 deren

176 3501 265 3555 lernen
283 3501 366 3565 kann;
391 3500 458 3554 auch
481 3499 565 3565 Talit,
590 3499 702 3553 welcher
726 3501 762 3553 im
816 3500 1037 3571 Hauptrertreter
1061 3501 1102 3556 die
1125 3501 1259 3556 Dialelrtik
1283 3501 1404 3556 missach-

175 3589 293 3644 Verkehr
308 3588 358 3642 mit
372 3587 528 3644 (lebildeten
543 3589 675 3642 erworben
689 3589 761 3643 wird.
817 3591 898 3656 teten,
913 3588 1001 3643 nichts
1016 3591 1150 3659 aneignsn.
1179 3590 1231 3646 Cic.
1245 3591 1322 3644 Brut.
1338 3591 1403 3644 131:

175 3679 240 3734 Hor,
256 3677 311 3732 Sat.
326 3677 348 3745 Ι,
363 3679 388 3744 3,
403 3679 450 3732 66:
470 3677 618 3744 „molestus
633 3680 763 3732 communi
817 3678 969 3748 „perlectus
986 3678 1130 3748 Epicureus
1148 3683 1279 3747 evaserat,
1297 3678 1405 3734 minime

176 3784 255 3822 sensu
273 3767 351 3837 plane
369 3767 470 3820 ceret“.
817 3771 908 3838 aptum
931 3767 964 3821 ad
989 3767 1126 3822 dicendum
1149 3771 1262 3837 genus“.
1287 3799 1320 3808 -
1344 3768 1404 3823 Me·

214 3856 454 3924 re.Peripateta'ci]
464 3855 763 3924 DieBegrdnderdieser
818 3856 958 3924 thodorus]
978 3873 1026 3910 aus
1040 3857 1137 3925 Athen,
1152 3857 1265 3929 Epikurs
1279 3858 1403 3912 ndchster

175 3944 764 4015 Philosophenschule,AristotelesundTheo·
817 3945 921 4000 Freund
939 3945 993 4000 und
1007 3945 1127 4013 Schtiler3
1147 3964 1249 4018 „paene
1263 3948 1332 4002 alter
1345 3947 1405 4014 Epi·

175 4034 310 4106 phrastus,
329 4033 464 4088 schrieben
483 4036 572 4088 zuorst
589 4035 653 4088 tiber
666 4033 764 4088 Rheto-
817 4037 918 4089 curus“
946 4039 1064 4104 genennt
1090 4053 1140 4090 von
1165 4036 1217 4091 Cic.
1243 4038 1274 4091 de
1298 4036 1342 4091 fin.
1366 4037 1404 4104 ΙΙ,

176 4123 225 4178 rik.
262 4123 315 4176 Des
334 4125 437 4176 erteren
460 4127 562 4178 τοπικιί
586 4122 697 4177 handelt
714 4141 763 4178 von
818 4124 861 4179 92.
881 4153 914 4163 —
934 4125 1156 4193 exclamationes]
1171 4126 1228 4180 hier
1290 4126 1405 4180 selectae

176 4213 227 4266 den
259 4211 437 4266 Fundstdtten
470 4211 517 4265 der
549 4211 676 4280 Beweise,
713 4213 762 4267 den
818 4213 959 4283 bovesque
968 4215 1125 4282 sabbatiae,
1140 4217 1232 4288 κύριαι
1242 4215 1330 4277 δόξαι.
1350 4213 1403 4270 Cic.

177 4301 262 4370 ,‚loci‚
293 4301 319 4355 in
347 4301 442 4371 quibus
469 4301 557 4355 latent
582 4303 762 4370 argumenta“
818 4302 850 4356 da
869 4319 894 4357 n.
914 4302 939 4356 d.
958 4301 979 4369 1,
998 4301 1042 4358 85.
