3092 4878
153 314 190 376 82
658 317 771 372 Cornelii
789 317 874 370 Taciti

155 480 311 543 secutum:
365 477 447 542 Sunt
477 478 557 542 aliae
588 497 718 555 causae,
748 497 882 559 magnae
914 479 946 542 et
975 496 1105 560 gravae,
1137 497 1216 560 quas
1247 497 1266 542 a
1297 479 1392 543 vobis

156 585 272 668 aperiri
296 603 435 666 aequum
459 586 523 662 cst,
548 585 850 666 quoniamquidem
876 602 932 666 ego
957 585 1021 648 iam
1044 603 1152 648 meum
1187 604 1306 649 munus
1338 604 1394 649 ex-

111 692 252 775 soplevi,
282 694 315 756 et
346 691 430 773 quod
461 691 540 755 mihi
570 692 602 755 in
634 692 861 756 consuetudine
893 693 956 769 est,
992 692 1070 755 satis
1105 692 1224 755 multos
1260 690 1394 770 offendi,

157 816 251 880 qnos,
281 799 308 861 si
341 797 420 861 forte
451 798 529 862 haec
560 798 733 874 audierint,
763 799 885 862 oertnrn
915 798 1015 862 habeo
1041 797 1179 862 dicturos
1208 816 1277 874 me,
1311 798 1392 862 dum

155 905 234 968 iuris
258 908 291 969 et
313 904 528 987 philosophiae
550 905 717 968 scientiam
738 906 905 985 tamquam
921 905 1037 969 oratori
1052 903 1266 968 necessariam
1281 904 1395 983 laudo,

156 1012 284 1094 ineptiis
307 1011 387 1074 meis
412 1012 594 1094 plausisse.“

102 1127 146 1190 33
246 1118 289 1180 lit
312 1118 477 1181 Maternus
502 1117 601 1194 „mihi
626 1117 776 1200 quidem“
800 1117 905 1198 inquit
934 1119 1142 1201 „susceptum
1166 1137 1184 1182 a
1207 1120 1239 1182 te
1267 1137 1392 1183 munus

159 1225 237 1289 adeo
266 1225 425 1306 peregisse
459 1224 602 1288 nondum
631 1224 763 1300 viderie,
797 1227 835 1287 ut
868 1224 1033 1289 incohasse
1069 1226 1197 1289 tanturn
1233 1225 1265 1288 et
1299 1224 1393 1289 velut

158 1331 293 1412 vestigia
317 1349 353 1394 ao
377 1331 564 1395 liniamenta
588 1331 745 1412 quaedam
769 1331 946 1395 ostendisse
969 1330 1115 1395 videaris.
1160 1331 1245 1394 Nam
1270 1333 1392 1412 quibus

161 1439 283 1502 artibus
307 1438 422 1500 instrui
446 1439 568 1502 veteres
594 1439 733 1502 oratores
758 1438 842 1502 soliti
867 1438 946 1514 sint,
977 1437 1083 1501 dixisti
1113 1436 1393 1518 differentiamque

136 1546 292 1609 anostrae
317 1543 454 1608 desidiae
479 1546 512 1608 et
534 1543 718 1609 inscientiae
744 1543 896 1608 adversus
921 1543 1074 1608 acerrima
1098 1546 1130 1607 et
1160 1542 1393 1609 fecundissima

162 1671 271 1716 corum
296 1651 402 1714 studia
427 1652 671 1715 demonstrasti:
695 1652 801 1715 cetera
825 1651 985 1732 exspecto,
1015 1651 1052 1712 ut
1076 1669 1171 1730 quem
1196 1651 1392 1715 admodum

163 1777 200 1823 ex
224 1759 255 1822 te
279 1757 389 1834 didici,
421 1758 497 1838 quid
528 1759 585 1821 ant
614 1758 661 1822 illi
694 1757 824 1822 scierint
854 1757 910 1819 ant
938 1774 996 1820 nos
1027 1757 1222 1834 nesciamus,
1252 1757 1298 1821 ita
1331 1758 1395 1823 hoc

165 1883 290 1947 quoque
315 1883 517 1946 cognoscam,
542 1865 657 1947 quibus
682 1863 959 1928 exercitationibus
983 1863 1112 1927 invenes
1135 1863 1200 1926 iarn
1224 1867 1256 1927 et
1285 1863 1392 1929 forum

164 1970 338 2052 ingressuri
362 1970 545 2035 confirmare
570 1972 603 2036 et
626 1971 709 2035 alere
733 1970 942 2052 ingeniosus
966 1970 1051 2034 soliti
1074 1971 1147 2034 sint.
1178 1969 1289 2052 Neque
1306 1973 1393 2037 eninr

116 2101 146 2143 ro
165 2078 293 2141 tantum
317 2078 384 2140 arte
415 2079 447 2140 et
475 2077 622 2154 scientia,
652 2077 705 2140 sed
735 2077 828 2158 longe
858 2076 960 2157 magis
990 2075 1141 2140 facultate
1173 2078 1206 2140 ct
1235 2096 1297 2141 usu
1327 2079 1394 2144 elo-

159 2185 323 2265 quentiam
354 2183 522 2259 contineri,
552 2203 611 2247 nec
641 2185 677 2247 tu
707 2185 784 2265 puto
816 2184 935 2248 abnues
966 2184 999 2246 et
1028 2183 1061 2246 hi
1093 2184 1272 2264 significare
1296 2186 1390 2249 vultu

159 2291 333 2354 videntur.“

163 2409 315 2416 ⁴——-—-—·
320 2409 368 2415 --.

159 2468 213 2521 und
241 2467 387 2532 Quintilian
419 2467 540 2533 (wolcher
566 2467 627 2530 XII,
655 2465 686 2531 ⁴2,
712 2468 746 2521 23
839 2480 862 2520 s.
890 2465 1032 2534 aduersus]
1066 2465 1123 2530 „im
1152 2463 1298 2534 Gagensatz
1327 2469 1393 2524 zu“.

159 2556 305 2625 gleichialls
324 2557 370 2609 anf
393 2556 467 2622 obiga
486 2555 568 2609 Stella
593 2555 638 2608 das
657 2555 746 2610 Cicero
801 2554 869 2608 Ann.
888 2555 945 2622 XV,
965 2555 1012 2620 63;
1034 2596 1048 2621 „
1056 2553 1113 2608 adv.
1133 2559 1296 2624 praesentem
1317 2556 1390 2610 lorti·

160 2645 284 2715 anspielt)
297 2645 335 2698 ist
349 2645 542 2712 derVerglaioh
554 2644 746 2712 gebrauchlieh.
803 2644 942 2697 tudinam“
968 2661 993 2697 u.
1019 2648 1057 2708 ὂ.;
1083 2643 1149 2696 anch
1173 2644 1214 2697 bei
1238 2644 1336 2698 Livius.
1357 2673 1392 2684 -

196 2749 265 2802 qaae
344 2750 462 2801 aequum
480 2732 529 2801 est]
555 2733 618 2798 „dia
642 2750 673 2785 zu
692 2737 748 2785 ant
803 2731 950 2800 fecundus]
974 2733 1000 2785 in
1019 2731 1063 2799 fig.
1082 2731 1241 2800 Bedentung
1259 2734 1296 2787 ist
1314 2734 1393 2787 nach-

160 2822 268 2875 wiokaln
301 2822 343 2875 ihr
369 2821 438 2890 jotzt
466 2821 507 2874 dio
534 2820 749 2874 Fraundlichkait
803 2821 938 2874 klassisoh.
973 2847 1003 2857 -
1038 2821 1280 2890 quemadmodum]
1308 2822 1394 2876 findet

161 2911 246 2964 haben
266 2910 392 2963 werdot“.
804 2910 858 2963 sich
879 2912 954 2963 sonat
972 2909 1013 2961 bai
1031 2908 1090 2962 Tac.
1110 2927 1161 2962 nur
1186 2910 1339 2979 einigemala
1362 2912 1391 2966 in

199 3012 239 3053 ao.
259 2999 326 3052 dam
397 2997 494 3066 laudo]
514 2998 609 3052 Diesen
629 2999 671 3052 bei
689 2997 748 3052 Tac.
804 2999 853 3052 den
865 2998 995 3052 Annales.
1017 3025 1045 3035 -
1066 2997 1161 3063 sorum
1175 2999 1340 3070 inpressam]
1356 3025 1392 3044 =

161 3089 189 3142 in
214 3088 264 3142 dan
288 3088 463 3141 historischen
487 3087 599 3141 Worlrcn
627 3086 749 3154 htufigan
805 3089 871 3158 „qni
890 3089 944 3141 foro
963 3087 1217 3157 parabantnr“,34,
1238 3089 1261 3142 1.
1300 3087 1391 3154 Quint.

160 3177 294 3231 Indikativ
312 3177 378 3230 nach
402 3177 471 3230 dum
493 3177 520 3229 in
545 3176 661 3230 direkter
677 3175 749 3228 Rada
804 3180 865 3244 sagt
883 3177 942 3243 Vll,
957 3177 981 3241 3,
997 3176 1044 3229 54:
1064 3176 1164 3242 „ituris
1182 3176 1209 3229 in
1228 3178 1341 3231 lornm‘·.
1357 3204 1390 3215 -

162 3265 263 3319 meiden
279 3266 320 3318 die
334 3265 470 3318 Klassilrer
483 3265 537 3318 und
549 3263 703 3329 Quintilian.
716 3292 748 3301 ·-
804 3266 878 3319 alere
895 3263 1020 3334 inpendo]
1039 3281 1060 3317 s.
1081 3281 1112 3317 au
1132 3265 1174 3330 14,
1195 3266 1236 3320 16.

162 3354 290 3423 ineptiis]
328 3353 578 3421 „gesehmacklosen
610 3353 750 3407 Liebhabc·
845 3367 883 3408 ιο.
903 3360 962 3409 arte
980 3359 1006 3407 et
1023 3354 1138 3408 edentia
1217 3353 1351 3420 sacodtata
1365 3359 1394 3409 ct

163 3443 263 3496 reion“.
307 3443 360 3496 Mit
384 3442 480 3495 diesem
506 3442 653 3495 scherahast
677 3443 750 3496 iiber·
804 3442 869 3510 usu]
895 3443 926 3495 In
952 3442 1039 3495 diesen
1059 3442 1231 3512 Wortpaaren
1256 3443 1322 3511 liagt
1346 3443 1395 3496 (lar

164 3531 350 3585 besoheidanen
369 3531 507 3584 Ansdrnclr
529 3531 588 3583 sind
607 3531 652 3584 das
670 3531 749 3584 Mass.
805 3529 952 3600 Gegensata
979 3547 1028 3584 von
1056 3531 1159 3584 Wissen
1192 3531 1258 3584 und*
1274 3531 1393 3599 Ktnnan,

164 3620 413 3673 wissenchaftliohc
423 3618 533 3672 Studien
547 3620 670 3687 gemeint.
689 3619 749 3687 Vgl.
805 3637 853 3673 von
879 3619 987 3673 Theorie
1012 3620 1066 3673 und
1091 3620 1182 3673 Praxis
1207 3620 1393 3688 ausgadriiolrt.

165 3708 216 3763 oie.
237 3708 268 3761 da
287 3725 323 3762 or.
342 3709 370 3775 1,
390 3709 455 3762 111:
476 3725 530 3774 „ne
548 3723 619 3761 meas
637 3709 751 3778 ineptias
805 3709 946 3777 facultas,
982 3708 1214 3778 gleichbadauteod
1251 3711 1302 3762 mit
1333 3709 1392 3764 darn

165 3797 311 3852 efferatis‘.
806 3799 867 3866 folg.
893 3799 989 3866 copta,
1016 3797 1053 3851 ist
1081 3796 1122 3850 dia
1146 3795 1320 3866 Anwendnng
1347 3797 1395 3851 das

807 3885 956 3942 Galerntan.
999 3886 1059 3955 Vgl.
1083 3885 1135 3941 Cic.
1162 3885 1193 3938 da
1218 3903 1255 3939 or.
1279 3885 1307 3952 Ι,
1332 3886 1393 3940 147.

202 3973 280 4042 Kap.
305 3973 355 4029 33.
385 3974 486 4029 uideris
504 4015 510 4027 .
525 4015 553 4028 ..
572 3974 705 4042 videaris]
730 3991 751 4029 s.
808 3977 883 4031 1491.
910 4006 942 4015 -
968 3981 993 4030 ct
1016 3975 1046 4030 lsi
1070 3975 1227 4044 aipairicare
1252 3992 1277 4028 o.
1296 3975 1394 4029 ciden-

166 4081 198 4117 zu
217 4065 259 4127 10,
278 4063 321 4116 23.
808 4065 866 4133 teor]
883 4065 953 4132 „und
967 4065 1034 4117 nach
1048 4064 1097 4117 don
1107 4063 1211 4117 Mienan
1226 4079 1257 4116 zn
1271 4064 1393 4131 nrteilan,

201 4152 250 4204 Bai
277 4156 351 4205 artas
377 4151 415 4204 ist
442 4152 618 4206 voruehmlich
650 4169 684 4205 an
712 4151 753 4205 die
808 4155 867 4208 sind
892 4153 938 4207 das
963 4153 1030 4206 auch
1054 4153 1111 4206 ihre
1136 4150 1306 4206 Gedaulren“.
1344 4153 1395 4208 Dio

166 4239 347 4310 Philosophia,
373 4241 521 4308 gegenriber
546 4241 594 4294 den
620 4241 754 4294 exercita·
807 4243 899 4296 Worta
917 4257 1021 4310 quoquc
1040 4257 1064 4294 ιι.
1080 4241 1153 4294 idem
1166 4239 1303 4293 anthalten
1318 4241 1395 4295 einen

167 4331 256 4385 tiones
273 4329 319 4383 der
338 4329 449 4384 Nenacit
468 4347 499 4383 zu
518 4329 627 4383 denkan.
807 4330 984 4384 Pleonasmns.
