3092 4878
516 327 636 395 dialogus
654 327 686 380 de
704 327 859 382 oratoribus.
897 343 919 382 e.
937 326 980 382 34.
999 327 1043 382 35.
1356 325 1392 386 87

158 486 275 552 ferant.
327 487 411 551 Nam
442 489 475 551 in
504 488 571 552 loco
601 488 681 552 nihil
711 488 923 566 reverentiae,
954 492 992 552 ut
1019 489 1053 553 in
1084 508 1179 570 quem
1208 507 1301 554 nemo
1331 489 1394 554 nisi

160 611 263 674 aeque
286 594 453 677 imperitus
477 594 593 669 intrat3
617 595 650 658 in
674 594 897 678 condiscipulis
920 595 1001 658 nihil
1016 595 1186 677 profectus,
1210 615 1284 660 cum
1299 596 1391 678 pueri

159 701 247 764 inter
269 719 384 782 pueros
408 701 441 764 et
465 698 696 766 adulescentuli
719 702 802 765 inter
835 701 1090 766 adulescentulos
1121 703 1191 785 pari
1221 703 1437 766 securitatem

161 809 196 870 et
220 806 327 871 dicant
350 809 383 870 et
406 807 594 879 audientum
624 808 712 890 ipsae
737 827 810 872 vero
834 808 1074 872 exercitationes
1097 827 1215 890 magna
1238 827 1274 872 ex
1302 812 1392 891 parte

160 913 350 977 contrariae.
395 913 517 995 Nempe
542 914 627 977 enim
657 912 718 977 duo
748 931 864 996 genera
893 915 1102 978 materiarum
1133 914 1217 997 apud
1248 915 1392 979 rhetoras

160 1021 360 1097 tractantur,
389 1020 550 1084 suasoriae
575 1023 607 1083 et
631 1021 871 1085 controversiae.
918 1021 965 1084 Ex
987 1021 1037 1084 his
1069 1021 1230 1085 suasoriae
1255 1021 1393 1102 quidem,

160 1128 330 1206 tamquam
359 1126 452 1208 plane
484 1127 616 1190 leviores
648 1129 680 1191 et
709 1127 816 1190 minus
850 1127 1038 1209 prudentiae
1074 1129 1250 1209 exigentes,
1284 1128 1391 1209 pueris

161 1233 366 1314 delegantur,
402 1233 632 1298 controversiae
663 1233 894 1298 robustioribus
925 1234 1148 1316 adsignantur,
1179 1234 1305 1315 quales,
1335 1253 1392 1316 per
1407 1253 1435 1294 m

138 1338 273 1415 'fidcm‚
304 1342 337 1403 et
367 1358 465 1420 quam
499 1339 724 1404 incredibiliter
760 1341 967 1423 compositae!
1016 1340 1168 1422 Sequitur
1199 1343 1323 1417 autem,
1355 1343 1392 1404 ut

161 1447 315 1510 materiae
339 1447 522 1510 abhorrenti
543 1465 562 1510 a
582 1447 717 1511 veritate
741 1447 929 1511 declamatio
954 1466 1080 1529 quoque
1105 1447 1302 1512 adhibeatur.
1339 1446 1392 1512 Sic

159 1552 199 1616 fit
222 1556 259 1617 ut
283 1553 556 1634 tyrannicidarum
580 1553 722 1636 praemia
745 1556 802 1617 aut
825 1554 1011 1618 vitiatarum
1036 1554 1204 1618 electiones
1222 1556 1279 1618 aut
1293 1555 1391 1636 pesti·

198 1771 231 1818 nt
249 1765 281 1818 in
306 1781 384 1833 anem
403 1805 409 1818 .
425 1806 431 1818 .
447 1806 453 1818 .
472 1765 573 1833 intrat]
599 1765 645 1818 dar
662 1765 747 1818 Iudilr.
803 1765 856 1818 und
874 1782 923 1834 gar
940 1766 1129 1833 (entschioden)
1149 1767 1218 1832 ...“,
1238 1782 1291 1819 was
1315 1766 1392 1819 nicht

161 1854 209 1908 wie
229 1851 315 1907 Germ.
335 1854 384 1907 22:
404 1857 457 1920 „ut
474 1853 544 1924 apud
563 1871 628 1923 quos
709 1871 749 1908 oc
803 1855 849 1907 der
866 1853 924 1908 Fall
943 1855 988 1910 ist.
1016 1853 1107 1919 Quint.
1127 1859 1189 1923 sagt
1206 1855 1241 1919 Π,
1263 1857 1286 1921 1,
1306 1857 1323 1908 2
1342 1854 1390 1908 das

159 1943 272 2012 cupat“,
291 1941 379 1995 indam
396 1942 442 1995 der
456 1941 549 1996 Grund
563 1944 602 1996 als
616 1943 748 1996 bekannte
803 1941 954 2010 Gegantail:
979 1944 1144 2010 „suasoriae,
1163 1944 1191 1997 in
1210 1944 1306 2012 quibus
1324 1960 1390 1997 onus

159 2031 309 2086 Thatsache
333 2031 488 2098 hingestallt
506 2031 578 2085 wird.
601 2061 632 2068 —
653 2031 749 2084 Weder
803 2031 905 2085 dicendi
923 2032 963 2084 vel
982 2032 1121 2086 maximum
1140 2033 1211 2086 est“.
1242 2033 1328 2100 phane
1347 2033 1391 2086 bo·

159 2120 220 2174 sind
245 2121 286 2173 die
304 2120 402 2172 lahrer
425 2119 474 2173 don
500 2120 625 2174 Schiilcrn
650 2121 748 2188 geistig
803 2121 932 2185 paichnet,
958 2120 1016 2174 dala
1041 2121 1087 2174 der
1111 2121 1161 2174 mit
1186 2127 1289 2189 tamon.
1313 2137 1391 2188 ange-

159 2210 210 2264 vial
229 2210 381 2278 iiberlngnn,
406 2209 473 2262 noch
496 2209 611 2274 leinach,
637 2210 678 2262 bei
701 2208 748 2262 der
801 2210 889 2263 idhrte
908 2209 976 2278 subj.
996 2209 1088 2264 Grund
1107 2210 1296 2278 gedankenlos‚
1322 2209 1390 2262 ohne

159 2298 302 2366 Trcnnung
315 2298 382 2351 nach
391 2297 578 2363 Altersstufen,
594 2297 635 2350 die
645 2299 747 2351 altered
802 2299 927 2365 walterae,
941 2298 1049 2366 galtend
1063 2299 1186 2366 gemacht
1199 2299 1295 2352 wurde.
1328 2298 1388 2366 Vgl.

160 2387 269 2440 Schtilor
287 2387 333 2439 auf
349 2387 390 2440 die
405 2388 533 2455 jdngcren
552 2387 591 2440 als
610 2387 748 2440 Vorbilder
801 2388 836 2442 26
855 2404 878 2440 a.
897 2387 941 2440 R:
961 2387 1028 2452 „sed
1047 2388 1124 2456 plane
1142 2390 1210 2456 post.
1231 2385 1289 2440 G.“.

160 2477 266 2529 wirlren.
290 2475 349 2544 Vgl.
364 2476 487 2544 librigens
502 2475 593 2540 Quint.
608 2476 644 2542 11,
660 2475 746 2541 214:
842 2489 879 2530 to.
896 2475 1071 2542 robustiores]
1093 2475 1155 2542 „die
1169 2475 1388 2542 Erwachsenon“,

160 2564 747 2634 „puerosadulcscentibuspermixtossedere
801 2565 867 2618 auch
885 2565 927 2618 bai
946 2563 1036 2630 Quint.
1056 2565 1095 2618 oft
1118 2564 1168 2617 den
1185 2563 1270 2632 paeri
1294 2581 1389 2632 gegan-

160 2671 222 2706 non
240 2653 326 2723 placet
343 2653 438 2706 mihi“.
474 2653 577 2706 Ebenso
596 2653 681 2721 wenig
699 2653 746 2706 wie
801 2654 986 2722 iibergestellt;
1005 2654 1040 2720 11,
1050 2655 1075 2720 2,
1088 2654 1132 2719 14;
1147 2653 1180 2720 Χ,
1195 2653 1220 2720 5,
1238 2655 1266 2719 Ι;
1283 2655 1387 2719 1,131:

158 2743 201 2796 die
220 2742 375 2810 Umgabung
393 2742 472 2795 wirht
490 2743 536 2794 der
553 2741 686 2794 Iernstcff
701 2757 746 2794 an·
801 2743 873 2809 „iam
892 2744 1008 2796 robustis
1027 2746 1055 2796 et
1073 2743 1200 2796 severiore
1213 2758 1307 2810 genere
1321 2743 1388 2796 satis

158 2830 255 2900 regcnd
274 2831 327 2883 und
345 2831 490 2884 fruchtbar.
519 2828 609 2894 Quint.
625 2829 660 2896 ΙΙ,
676 2832 700 2896 1,
715 2830 744 2882 2;
799 2831 941 2886 firmatis‘·.
958 2860 989 2868 -
1002 2849 1054 2900 per
1066 2832 1156 2900 tidem]
1173 2833 1257 2885 libers.
1270 2831 1388 2898 „meiner

157 2923 254 2987 „actm
272 2919 412 2972 altioribus
430 2920 482 2972 lam
496 2918 641 2988 disciplinis
657 2918 743 2971 debita
800 2919 897 2974 Trau“.
938 2920 1094 2988 Virg.Aen.
1118 2921 1246 2985 11‚141:
1273 2937 1340 2990 „per
1364 2921 1387 2973 si

157 3009 184 3062 in
205 3009 294 3062 schola
310 3009 410 3061 minore
429 3008 550 3061 subsidat
567 3025 597 3061 ac
615 3007 746 3060 rhetorica
800 3026 852 3079 qua
869 3014 911 3062 est
991 3009 1086 3063 fidos“.

157 3099 227 3168 apud
245 3098 430 3166 grammaticos
448 3097 597 3150 exerceat“.
835 3097 994 3150 abhorrenti
1022 3115 1041 3150 a
1068 3096 1198 3162 veritate]
1227 3096 1274 3149 der
1300 3095 1387 3148 Wirk-

198 3199 237 3240 10.
262 3173 419 3253 aecmitate]
447 3185 523 3239 Auch
553 3184 642 3249 Quint.
670 3184 745 3252 klagt
798 3186 907 3239 lichkeit
924 3185 999 3239 nicht
1017 3184 1215 3254 cntsprochend.
1245 3184 1336 3248 Quint.
1352 3185 1385 3252 X,

157 3275 278 3342 darlibcr,
297 3275 355 3329 dala
374 3275 415 3328 die
433 3273 670 3328 Rhetorenschiiler
689 3273 744 3326 sich
798 3275 830 3342 5,
859 3276 895 3328 14
921 3274 1056 3344 empliehlt
1084 3274 1126 3327 die
1154 3273 1385 3340 „declamationes

156 3365 321 3434 gegenseitig
335 3368 405 3417 trata
421 3363 611 3431 mangelhafter
624 3362 744 3415 leistun·
799 3365 889 3433 quales
916 3364 944 3417 in
972 3363 1067 3417 scholis
1095 3363 1230 3416 rhetorum
1254 3362 1385 3428 dicuntur,

156 3472 207 3523 gen
226 3455 276 3507 mit
294 3453 387 3507 Beifall
405 3453 600 3506 tibersehdttcn.
622 3481 655 3488 —
681 3467 743 3505 con·
799 3453 822 3506 si
839 3453 915 3506 modo
941 3456 1005 3507 sunt
1029 3452 1062 3504 ad
1086 3452 1223 3506 veritatem
1246 3467 1387 3504 accommo-

157 3543 276 3612 trarice]
292 3543 456 3609 „varfehlt“,
470 3540 654 3608 zweckwidrig.
683 3540 743 3608 Vgl.
798 3542 875 3595 datae
894 3542 1102 3596 morationibus
1126 3541 1253 3595 similes“.
1280 3569 1314 3578 —
1340 3540 1386 3594 de·

155 3633 206 3699 39,
235 3633 264 3686 9:
297 3631 476 3698 „contrariam
503 3629 649 3699 experimur
676 3628 744 3694 (stili
798 3631 937 3700 clamatio]
962 3631 1019 3684 hier
1043 3654 1077 3674 =
1096 3629 1323 3684 declamatoriam
1342 3629 1386 3682 di-

156 3722 355 3786 anxietatem)“.
799 3721 880 3774 cendi
905 3737 993 3788 penne
1020 3719 1121 3786 (hohles
1149 3718 1259 3783 Pathcs)
1282 3715 1384 3784 (Quint.

192 3826 287 3878 nempe
306 3809 390 3876 enim]
411 3809 500 3875 „donn
515 3808 599 3876 ...ja
617 3807 744 3860 bekannt
798 3808 833 3874 ΙΙ,
853 3809 895 3875 10,
915 3809 950 3874 9),
969 3824 1022 3860 was
1041 3807 1080 3860 clt
1097 3804 1331 3874 gleichbedeutend
1348 3805 1386 3858 ist

156 3899 239 3954 lich“.
266 3929 299 3938 -—
322 3889 394 3952 Uber
415 3898 560 3952 enascriae
588 3913 641 3964 „zu
666 3895 744 3948 Bera-
798 3897 848 3950 mit
866 3898 958 3952 oratio
975 3896 1075 3962 snecta
1101 3901 1127 3950 ct
1152 3913 1170 3949 a
1194 3895 1312 3948 veritate
1336 3894 1385 3948 ab·

157 3992 257 4056 tungen
275 3987 441 4056 geeigneta“,
462 3985 514 4038 und
530 3990 658 4052 controv,
677 3983 744 4036 auch
798 3986 918 4040 horrens.

156 4077 353 4132 deliberativae
372 4075 426 4128 und
443 4074 593 4128 iudiciales
611 4073 744 4127 materiae
835 4073 1079 4144 tyrannicidarum
1093 4072 1222 4142 praemia
1245 4069 1307 4138 etc]
1330 4071 1386 4124 Der

155 4169 280 4234 genennt,
295 4183 316 4220 s.
331 4166 375 4228 31,
391 4165 414 4218 7.
441 4160 666 4216 WelehesGebiet
680 4162 744 4215 wird
797 4163 899 4216 Rhctor
922 4163 1018 4216 Seneca
1046 4162 1099 4214 und
1124 4159 1269 4225 Quintilian
1298 4159 1384 4213 haben

155 4255 211 4310 also
229 4273 279 4308 von
298 4255 348 4308 den
361 4253 495 4307 Rhetoren
514 4249 743 4319 varnachliissigt?
797 4252 925 4322 Beispiele
950 4252 1050 4304 solcher
1072 4250 1199 4304 Themata
1224 4249 1384 4315 iiborliefert,

193 4349 333 4414 tamqnam
346 4343 441 4412 plane]
457 4342 613 4410 „alswiren
627 4341 743 4409 sieganz
797 4340 839 4394 bai
871 4341 949 4394 deren
977 4339 1174 4406 Ausarbcitung
1205 4338 1246 4392 die
1274 4337 1385 4391 Schliler
