3092 4878
482 386 601 454 dialogus
620 387 652 440 de
670 387 825 442 oratoribus.
862 405 884 441 o.
903 388 946 442 29.
966 389 1010 443 30.
1327 387 1363 448 75

127 548 314 612 laboratur:
345 537 403 612 nec
425 547 459 611 in
483 547 666 612 auctoribus
690 549 915 630 cognoscendis
943 550 1059 614 necin
1082 549 1256 615 evolvenda
1280 550 1362 614 anti-

91 695 94 702 ·
128 654 256 735 quitate
279 673 338 719 nee
361 655 395 717 iu
417 655 532 718 notitia
554 655 605 720 vel
627 674 736 719 rerum
756 657 807 720 vel
829 657 998 720 homiuum
1012 658 1063 720 vel
1078 660 1258 739 temporum
1282 657 1361 722 satis

127 779 245 843 operae
268 761 450 824 insumitur.
495 760 557 825 Sed
581 763 773 844 expetuntur
798 781 876 843 quos
902 763 1046 826 rhetoras
1069 766 1200 838 vocant3
1226 745 1362 845 puerum

130 866 284 950 professio
308 865 436 949 quaudo
459 867 598 950 primum
621 868 654 931 in
677 869 761 932 hanc
784 868 896 932 urbem
919 869 1103 934 introducta
1132 865 1177 934 sit
1200 889 1387 952 quamqueo

131 974 254 1037 nullum
279 974 363 1057 apud
387 974 522 1038 maiores
553 977 680 1039 nostros
712 976 935 1040 auctoritatem
966 977 1128 1053 habuerit,
1160 977 1270 1040 statim
1297 976 1362 1041 dio-

128 1083 225 1144 turus
248 1080 385 1146 referam
408 1098 537 1144 neeesse
561 1083 611 1145 est
635 1081 779 1146 animum
803 1082 843 1145 ad
868 1101 939 1146 eam
963 1082 1175 1166 disciplinam,
1200 1102 1264 1164 qua
1287 1103 1361 1147 usos

128 1206 202 1251 esse
226 1206 279 1251 eos
303 1189 443 1251 oratores
468 1187 662 1270 accepimus,
687 1206 824 1269 quorum
847 1188 991 1253 infinitus
1021 1190 1111 1253 labor
1141 1191 1174 1254 et
1204 1189 1362 1254 cotidiana

129 1293 296 1358 meditatio
328 1296 361 1357 et
389 1294 422 1357 in
453 1295 538 1357 omni
573 1313 688 1376 genere
723 1294 902 1358 studiorum
938 1296 1085 1360 assiduae
1121 1297 1360 1361 exercitationes

126 1401 273 1484 ipsorum
296 1401 394 1464 etiam
417 1401 620 1465 continentur
641 1401 740 1465 libris.
771 1401 875 1465 Notus
899 1404 948 1466 est
964 1403 1052 1466 vobis
1074 1403 1185 1484 utique
1202 1401 1361 1467 Ciceronis
1377 1425 1406 1466 ro

127 1509 226 1585 liber,
251 1508 306 1589 qui
328 1507 451 1572 Brutus
474 1507 676 1583 inscribitur,
705 1507 739 1570 in
762 1509 853 1572 ouius
877 1511 1019 1573 extrema
1041 1511 1133 1592 parte
1158 1509 1246 1592 (nam
1275 1509 1362 1591 prior

127 1615 465 1680 commemorationem
490 1616 634 1678 veterum
658 1617 821 1678 oratorum
844 1616 953 1699 habet)
978 1634 1036 1680 sua
1059 1616 1166 1692 initia,
1190 1635 1265 1680 suos
1290 1633 1362 1697 gra-

127 1719 201 1797 dus,
225 1739 301 1785 suae
325 1720 525 1802 eloquentiae
541 1722 631 1785 velut
647 1721 809 1802 quandam
832 1722 1054 1786 educationem
1078 1722 1192 1788 refert:
1218 1741 1251 1786 se
1276 1722 1361 1805 apud

7 1871 14 1882 ·
127 1825 169 1905 Q.
184 1827 328 1892 Mucium
351 1829 401 1892 ius
425 1828 516 1891 civile
540 1827 696 1904 didicisse,
720 1829 804 1912 apud
828 1829 994 1893 Philonem
1016 1828 1251 1906 Academicum,
1275 1829 1361 1911 apud

129 1934 305 1999 Diodotum
338 1934 481 1999 Stoicum
510 1953 620 2000 omnes
650 1936 867 2019 philosophiae
896 1938 1005 2019 partes
1034 1937 1164 2018 penitus
1196 1936 1360 2010 hausisse;
1374 1959 1404 2000 ns

128 2061 235 2124 meque
258 2043 297 2106 iis
321 2041 503 2106 doctoribus
527 2043 730 2119 contentum,
760 2061 898 2123 quorum
921 2043 950 2106 ei
973 2043 1063 2125 copia
1090 2043 1123 2106 in
1153 2043 1231 2107 urbe
1262 2042 1362 2107 couti-

126 2151 239 2229 gerat,
262 2149 416 2212 Achaiam
439 2167 565 2230 quoque
589 2151 622 2213 et
645 2149 756 2213 Asiam
778 2168 981 2232 peragrasse,
1005 2151 1043 2213 ut
1066 2168 1194 2214 omnem
1218 2150 1361 2214 omnium

130 2360 189 2428 taor]
214 2359 282 2413 Anu.
302 2360 355 2427 111,
374 2360 423 2414 44:
450 2360 568 2427 „libellis
587 2363 719 2414 aecusato-
813 2373 851 2414 ιο.
871 2367 991 2415 antrema
1000 2360 1096 2431 parte]
1110 2379 1159 2415 von
1172 2361 1188 2428 ξ
1202 2362 1255 2415 305
1269 2378 1310 2414 an.
1326 2390 1360 2399 -

129 2466 190 2503 rum
208 2449 352 2503 insumeret
370 2451 510 2520 operam“;
530 2452 605 2503 sonat
619 2451 656 2503 ist
668 2467 720 2503 nur
772 2465 826 2503 aaa
841 2489 882 2503 ...
896 2466 961 2504 suos
975 2489 1017 2503 ...
1031 2448 1111 2517 suaa]
1129 2448 1361 2502 nachdruolrsvolle

125 2539 203 2606 gabr.
223 2539 290 2606 dies,
309 2539 398 2592 uitam
415 2539 468 2592 ins.
776 2537 984 2607 Wiederholung.
1017 2539 1077 2606 Vgl.
1093 2541 1175 2591 unten
1192 2539 1239 2590 des
1253 2539 1361 2591 vierma·

167 2644 235 2695 quos
257 2628 383 2681 rhetoras
407 2627 519 2694 vocant]
544 2627 598 2680 Der
623 2627 718 2680 Zusatz
772 2627 825 2695 lige
842 2644 913 2696 non,
939 2628 986 2681 das
1010 2627 1161 2696 dreimelige
1183 2628 1242 2693 tha
1267 2627 1310 2693 36,
1330 2629 1361 2682 9:

126 2733 166 2769 an
190 2716 244 2769 sich
268 2715 374 2769 enth'alt
399 2715 479 2768 schon
497 2716 540 2768 ein
558 2715 719 2784 wegwerlen·
774 2715 1008 2782 „hinc...hinc“;
1027 2717 1071 2780 36,
1087 2718 1135 2783 19;
1150 2717 1193 2783 40,
1212 2718 1242 2770 17
1257 2721 1315 2770 uti.
1326 2745 1362 2754 —

132 2805 178 2858 des
202 2804 289 2858 Urteil
316 2805 380 2858 liber
402 2804 462 2874 jone
487 2805 640 2858 aumasseud
665 2805 720 2858 aul·
773 2821 836 2860 suos
852 2805 970 2874 prodas]
991 2807 1037 2860 wie
1056 2805 1108 2860 Cic.
1122 2805 1199 2860 Brut.
1215 2806 1280 2860 232:
1300 2823 1361 2874 „ga

127 2893 528 2948 tretendeuPersdnlichkeiten.
552 2894 596 2962 35,
607 2895 636 2948 2:
653 2895 719 2964 „qui
774 2897 834 2949 tuos
853 2898 881 2948 et
899 2895 975 2965 quasi
993 2912 1129 2965 processus
1148 2895 1250 2948 dicendi
1269 2895 1362 2948 studeo

127 2983 171 3037 rh.
187 2985 342 3036 vocantur“.
375 2983 427 3037 Cic.
442 2983 474 3036 de
488 3000 525 3037 or.
539 2982 561 3049 I,
574 2985 622 3037 52:
642 3000 719 3054 „pen
774 2985 959 3051 cognoscere“.
979 3015 1013 3022 —
1034 2983 1064 3052 Q.
1083 2985 1200 3039 Mucias
1217 2983 1361 3050 Scaevola]

131 3071 218 3125 multa
235 3071 305 3136 (dem
322 3071 428 3124 Redner
446 3073 535 3140 ndtige
553 3072 718 3138 Eigsnsohai-
774 3073 894 3126 Pontifex
918 3072 1060 3138 maximus,
1089 3074 1178 3126 wurde
1202 3074 1249 3125 auf
1270 3071 1361 3124 Belehl

132 3160 188 3225 ten)
207 3164 279 3226 sunt,
298 3178 363 3231 quae
381 3160 432 3230 ipsi
450 3161 579 3228 magistri,
600 3161 645 3230 qui
663 3161 719 3214 rhe-
774 3161 820 3214 des
836 3161 949 3229 jungam
963 3161 1064 3214 Marius
1080 3178 1129 3215 von
1144 3161 1172 3214 L.
1186 3161 1362 3230 Damasippus

128 3249 208 3303 turici
220 3254 354 3316 vocantur,
364 3267 411 3303 uec
420 3249 532 3304 tradunt
541 3266 587 3303 neo
597 3251 718 3304 tenent“.
774 3251 801 3303 in
826 3250 873 3303 der
897 3249 976 3304 Curia
1000 3250 1116 3303 Hostilia
1141 3250 1302 3317 ersohlagen.
1327 3279 1360 3288 —

171 3352 193 3392 o.
213 3338 327 3407 quando
404 3339 565 3392 introducta
578 3339 627 3406 sit]
646 3338 719 3393 Beim
774 3338 868 3408 Philo]
893 3355 940 3392 aus
962 3339 1067 3392 larissa
1090 3338 1143 3392 floh
1167 3337 1291 3391 wahrend
1315 3337 1362 3390 des

127 3430 220 3481 ersten
244 3427 467 3481 Belreuntwerden
491 3428 519 3481 in
541 3427 607 3482 Rom
632 3428 720 3481 wurde
773 3427 1005 3482 Mithridatisohen
1024 3427 1118 3496 Kriegs
1137 3428 1193 3494 (88)
1212 3443 1259 3480 aus
1273 3425 1361 3480 Athen

128 3516 174 3569 die
196 3516 413 3569 Rhetorenlrunst
437 3517 512 3570 nicht
534 3517 644 3586 gunsug
666 3517 721 3570 auf·
774 3518 841 3572 nach
850 3517 925 3583 Rom,
941 3534 978 3570 wo
988 3517 1085 3584 Cicero,
1101 3517 1147 3570 wie
1161 3533 1190 3570 er
1204 3516 1288 3569 selbst
1302 3517 1363 3583 sngt

127 3621 293 3673 ,genommem
312 3608 368 3658 erst
382 3608 472 3676 spiter
485 3623 593 3674 genam
608 3607 645 3659 sie
657 3606 720 3658 Ver·
774 3608 860 3675 (Brut.
880 3607 943 3672 306)
963 3609 1071 3673 „totum
1091 3623 1118 3659 ss
1136 3605 1160 3659 ei
1179 3604 1319 3658 tradidit“.

130 3693 263 3762 hreituug.
284 3724 318 3731 -
338 3694 477 3761 dicturus]
493 3695 548 3748 dies
563 3695 627 3748 thut
640 3695 718 3749 Mass.
814 3709 853 3750 ro.
881 3695 1032 3761 Diodotus]
1061 3695 1158 3748 lehrsr
1186 3694 1232 3747 des
1256 3693 1308 3748 Cic.
1334 3693 1361 3746 in

130 3781 198 3852 Καρ.
213 3782 256 3836 35.
285 3783 349 3836 Zum
363 3782 460 3837 Ausdr.
474 3785 526 3851 vgl.
542 3782 633 3849 Quint,
648 3783 719 3850 VIlI,
774 3784 916 3850 Dialektik‚
937 3782 1084 3838 Geometrie
1102 3783 1156 3837 und
1172 3783 1232 3838 and.
1247 3783 1362 3834 Wissen·

128 3871 158 3937 3,
173 3872 221 3924 41:
241 3875 377 3938 „osterum
391 3872 519 3939 dicturus,
539 3873 634 3942 quibus
648 3889 720 3926 orne·
775 3873 902 3926 schalten.
949 3873 1028 3926 Blind
1055 3872 1207 3940 gewordon,
1236 3871 1306 3924 lebte
1333 3887 1362 3923 er

131 3961 179 4012 tur
197 3960 289 4025 oratio,
309 3961 382 4030 prius
401 3977 431 4013 ea
449 3961 579 4029 attingam
586 3962 600 3987 ‘⁴
620 3964 669 4014 etc.
684 3989 719 3999 -
774 3963 851 4030 lange
865 3962 893 4014 in
907 3961 1000 4014 desson
1013 3960 1103 4014 Hause
1117 3961 1171 4014 und
1184 3961 1258 4013 starb
1271 3959 1316 4014 59.
1329 3987 1361 3996 -

132 4046 164 4100 Iu
186 4048 319 4116 reseram,
345 4049 454 4103 welches
479 4049 546 4103 auch
571 4050 653 4103 durch
679 4050 720 4103 die
774 4051 912 4106 Achaiam
927 4057 953 4104 et
967 4051 1076 4117 Asiam]
1093 4050 1306 4116 Bezeichnungen
1320 4048 1362 4100 fur

129 4134 255 4206 Stallung
272 4138 482 4204 hervorgehoben
508 4140 558 4205 ist,
583 4139 651 4207 liegt
674 4139 721 4192 der
774 4140 816 4193 die
838 4140 906 4193 betr.
926 4139 1187 4207 Provincialgobiete,
1212 4138 1259 4191 wie
1282 4154 1361 4206 gew.;

132 4225 209 4294 Begr.
234 4227 397 4294 ‚,zunt'chst,
422 4228 537 4282 vorher“
562 4229 612 4281 mit
635 4229 720 4297 cinge·
775 4228 890 4298 dagegen
912 4227 1020 4282 Graecia
1038 4228 1104 4297 Knp.
1126 4228 1167 4294 10,
1187 4227 1230 4294 20,
1255 4242 1362 4280 weron

130 4315 274 4370 schlossen.
290 4345 324 4355 -
338 4318 468 4384 infinitus
482 4317 718 4384 lutor]Cio.deor.
774 4318 949 4386 griechischen
977 4317 1226 4386 Eigentiimlichlreit
1254 4315 1363 4385 garedet

131 4405 154 4472 l,
175 4407 205 4458 l:
225 4406 291 4472 „inf¹
311 4407 451 4460 forensium
470 4425 556 4460 rorum
575 4407 678 4462 labor“.
775 4407 846 4460 wird.
