3092 4878
691 379 835 451 Appendix.

153 552 205 622 10,
228 551 269 612 27
302 542 613 624 5155555111151155]
636 547 779 608 offendere
802 545 918 622 (5511.).

154 640 205 711 10,
229 640 268 699 31
302 637 390 698 511515
412 632 505 708 (5511.
529 630 606 713 aurp]
629 637 880 710 515553111555.

154 731 206 801 11,
253 729 271 786 2
302 728 452 802 parantem
466 740 520 796 me,
535 721 645 803 inquit]
669 728 828 800 parantem,
850 725 953 800 inquit,
975 742 1020 785 me
1043 725 1177 786 Walther
1192 724 1285 798 (codd.
1303 724 1374 799 quid

301 814 378 877 enim
400 831 454 887 me,
477 814 500 872 1
523 813 600 874 enim
623 814 692 888 quid
714 811 781 886 me).

155 909 205 976 11,
252 907 270 965 9
302 904 417 979 quidem
442 919 459 952 5
483 903 515 961 in
537 903 652 962 Nerone
675 900 732 976 (Bb
754 903 783 961 iu
806 909 928 975 nerone,
958 903 1003 963 01
1035 903 1065 962 in
1088 897 1231 980 Nerono)]
1259 901 1374 976 quidem

304 1009 447 1053 enormem
476 994 507 1051 et
535 1008 585 1066 555
612 993 732 1065 scripsi.
779 993 837 1064 cfr.
864 993 936 1066 dgr.
962 995 1017 1066 10,
1046 993 1127 1053 codd.
1158 992 1289 1052 innorme
1313 1007 1373 1065 pro

305 1096 429 1141 enorme.

156 1172 273 1242 11,10
303 1170 329 1230 si
352 1171 421 1244 quid
440 1165 522 1246 <in>
540 1169 622 1230 uobis
644 1165 809 1247 Acidaliua]
840 1169 867 1228 si
893 1171 961 1243 quid
989 1171 1019 1229 iu
1046 1170 1128 1229 nobis
1156 1167 1373 1241 (5511115115.

304 1259 362 1333 cfr.
385 1259 462 1318 dnn.
486 1258 563 1329 XIV,
586 1259 638 1320 43.

156 1351 207 1420 12,
253 1351 273 1408 3
304 1348 334 1408 in
357 1342 626 1425 51155115(5511)]
649 1347 680 1407 in
703 1348 828 1422 strepitu
849 1347 929 1407 urbis
953 1347 1093 1420 Schcpen.

156 1440 207 1512 12,
254 1440 271 1496 7
304 1435 501 1498 commendate
523 1432 669 1514 Muretus]
692 1437 839 1496 commoda
860 1434 967 1510 (codd.)
990 1436 1150 1496 15115555

156 1528 207 1598 13,
231 1528 271 1586 13
302 1526 323 1586 11
346 1526 449 1601 quibus
474 1541 491 1574 a
515 1521 681 1603 praestant]
705 1524 727 1584 ii
750 1525 853 1599 quibus
875 1527 1027 1599 praestant

23 1613 29 1620 ’
156 1618 206 1687 13,
231 1616 273 1674 14
303 1615 408 1675 555155
437 1609 615 1690 adulatione]
651 1614 727 1674 omni
761 1613 856 1686 (codd.
888 1613 938 1689 od)
971 1613 1136 1674 adulatione
1169 1630 1219 1688 555
1253 1615 1373 1688 scripsi.

305 1706 362 1777 cfr.
388 1707 417 1775 2,
442 1705 493 1763 14.

156 1796 208 1865 13,
233 1795 273 1852 19
304 1809 389 1852 55515
416 1786 540 1869 (5511.)]
570 1794 683 1852 5551515
712 1809 763 1868 555
792 1793 912 1866 scripsi.
958 1793 1016 1864 cfr.
1048 1793 1143 1852 05151.
1175 1793 1229 1853 41.
1276 1789 1374 1863 Quint.

305 1884 330 1954 Ι,
354 1883 383 1954 2,
407 1885 465 1952 18;
488 1881 518 1953 4,
542 1883 572 1940 5.
602 1881 637 1952 11,
662 1885 690 1952 7,
716 1883 766 1940 lo.
797 1882 864 1952 XII,
888 1882 917 1952 5,
941 1884 959 1940 2
984 1874 1164 1954 5151555155.

157 1973 209 2044 13,
232 1972 273 2031 23
305 1970 475 2045 quandoque
499 1969 574 2030 eninr
597 1967 707 2046 (codd.)
730 1970 896 2030 ..veniet
918 1965 996 2048 (b¹)]
1020 1969 1190 2044 quaudoque
1207 2014 1215 2028 .
1231 2013 1238 2028 .
1253 2013 1260 2029 .
1277 1969 1376 2030 reniet

306 2058 414 2133 (5511.)
436 2059 494 2130 cfr.
519 2060 570 2133 10,
596 2062 647 2122 17.

157 2152 208 2222 14,
254 2151 272 2208 2
304 2148 466 2210 cubiculum
484 2142 597 2226 (eius)
619 2144 749 2226 Ernesti]
773 2148 935 2209 cubiculum
957 2149 1019 2208 eius
1042 2146 1158 2221 (5511.).

157 2239 208 2310 14,
254 2240 272 2298 5
306 2240 356 2297 551
379 2233 497 2315 causae]
521 2240 552 2296 et
574 2253 678 2297 causae
701 2236 821 2309 (codd).

158 2329 210 2402 14,
235 2328 273 2384 12
308 2319 384 2403 (et)
403 2343 496 2386 sermo
518 2321 590 2403 iste]
614 2329 644 2385 et
666 2340 759 2384 sermo
782 2327 837 2386 1515
861 2329 891 2386 51
914 2327 1006 2386 515115
1029 2326 1190 2385 Andresen.

159 2418 209 2487 14,
233 2416 274 2473 21
306 2431 393 2488 quam
415 2414 545 2474 damnari
567 2415 598 2473 iu
621 2409 715 2490 1515]
740 2432 825 2488 quam
847 2415 878 2474 iu
900 2416 980 2490 Apro
1003 2413 1120 2488 (codd).

159 2505 209 2577 15,
255 2506 274 2562 5
304 2519 403 2578 paroni
431 2503 574 2576 antiquis,
608 2519 640 2562 eo
671 2498 801 2581 Lipsius]
829 2508 916 2577 atque
946 2503 977 2562 id
1006 2520 1039 2564 eo
1069 2520 1104 2564 ec
1135 2503 1268 2564 5115557555
1298 2502 1374 2562 coni.

308 2590 400 2666 (codd.
424 2591 551 2666 antiquis
575 2591 628 2664 eo).
1206 2607 1208 2612 ’

158 2683 274 2752 15,12
306 2681 434 2758 inquiro]
459 2681 594 2754 conquiro
617 2678 711 2753 (5511.
734 2697 778 2753 51.
803 2679 862 2752 m).

159 2771 210 2843 15,
234 2773 275 2830 15
305 2765 589 2847 1115]1515(5511.).

159 2863 210 2932 16,
233 2861 275 2920 23
307 2859 533 2933 quadringentos
558 2854 688 2936 Lipsius]
711 2861 857 2919 trecentos
881 2857 997 2934 (5511.).

160 2949 211 3018 11,
234 2951 273 3008 31
306 2950 386 3007 Dem.
407 2943 570 3026 <vester>]
593 2949 674 3008 Dem.
699 2950 797 3007 155151
820 2947 892 3020 (bF3
915 2948 1029 3008 videtur
1051 2945 1119 3018 Bo).

160 3040 211 3106 17,
257 3037 275 3094 3
307 3030 828 3113 5515115(5511)]151511511151151.

160 3128 212 3196 17,
257 3126 275 3184 5
306 3123 483 3197 temporibus
505 3121 615 3201 potius]
638 3125 736 3200 551155
759 3126 933 3198 temporibus
956 3124 1008 3199 (1)).

161 3215 212 3284 17,
258 3214 277 3272 8
308 3213 410 3273 scribit
432 3212 591 3286 nnoroson,
614 3216 670 3287 cfr.
698 3217 748 3286 16,
771 3209 829 3292 28]
852 3215 970 3288 55115511
992 3212 1097 3288 (5511.)

161 3304 212 3372 17,
236 3302 277 3360 25
308 3302 447 3361 Coruinus
538 3303 659 3362 Asinius
682 3299 805 3381 (5511.)]
829 3303 948 3362 Asinius
1049 3303 1187 3362 05151555
1205 3301 1355 3376 Borghesi.

161 3393 211 3463 18,
257 3393 276 3452 3
307 3392 402 3450 5510
436 3391 533 3450 1155115
556 3396 607 3450 551
630 3393 658 3450 O.
676 3392 799 3452 Carboni
821 3392 925 3463 Ritter,
947 3386 1112 3469 Schultiug]
1135 3395 1186 3451 cut
1209 3391 1239 3451 0.
1257 3390 1379 3450 0511551

309 3479 426 3555 (5511.).
800 3545 802 3550 ,

160 3570 211 3640 13,
236 3572 276 3628 17
308 3583 377 3642 5155
401 3564 523 3646 051555]
546 3585 598 3642 515
622 3571 729 3629 Catone
752 3567 861 3643 (5511.)
884 3569 1047 3632 1111511515.

161 3660 212 3728 19,
259 3660 277 3717 2
310 3658 358 3731 qui
380 3658 530 3731 usquead
553 3658 682 3717 Cassium
708 3673 725 3704 r
740 3675 757 3708 e
783 3675 865 3731 quem
892 3674 972 3717 reum
995 3659 1117 3729 faciunt,
1148 3675 1232 3732 quem
1255 3654 1377 3736 (codd.)]

310 3747 438 3806 05551515
461 3747 608 3818 Severum,
631 3764 715 3822 quem
737 3747 859 3820 primurn
883 3747 1042 3818 Michaelis,
1065 3750 1160 3807 Peter.

161 3836 213 3906 21,
259 3837 278 3895 3
310 3835 345 3894 15
373 3834 478 3910 populo
502 3835 606 3894 Canuti
634 3839 686 3895 aut
707 3835 772 3894 Atti
797 3850 814 3884 a
829 3852 846 3885 a
872 3835 908 3894 de
930 3836 1036 3894 Furnio
1065 3839 1096 3895 51
1120 3833 1259 3913 Toranio]
1288 3853 1379 3896 nomu-

311 3923 394 3996 nabo,
417 3924 568 3984 Canutium
596 3924 784 3984 5515111515
807 3923 998 3984 1511515155
1021 3925 1219 3985 5115155155.

182 4056 198 4084 ,,
266 4055 284 4083 ,,
314 4028 441 4087 quosque
464 4012 536 4072 51155
551 4056 558 4070 .
572 4057 579 4071 .
592 4055 599 4070 .
614 4014 686 4072 1555
701 4013 807 4072 1555155
822 4009 961 4091 probant]
985 4015 1090 4088 quique
1106 4014 1156 4073 alii
1170 4015 1245 4074 hano
1259 4013 1379 4075 maciem

309 4101 477 4175 praeferunt
499 4101 659 4174 (151151155
681 4102 817 4176 produnt)
840 4119 889 4176 555
911 4105 1031 4176 scripsi.

161 4193 212 4262 21,
259 4191 277 4250 6
309 4207 368 4250 555
390 4193 420 4250 51
442 4190 534 4251 511515
556 4187 676 4268 (5511.)]
699 4208 757 4251 555
779 4195 830 4251 551
852 4192 945 4252 511515
967 4193 1081 4252 Ρ51551.

161 4281 212 4351 21,
236 4282 276 4340 11
310 4280 471 4352 sententiis,
493 4276 626 4358 auribus]
649 4280 801 4340 sententiis
824 4281 941 4340 55111555

160 4369 212 4439 21,
236 4369 279 4428 30
308 4369 337 4427 15
360 4367 517 4444 tragoediis
538 4363 649 4446 Ritter]
672 4369 829 4444 tragoediis
851 4367 968 4441 (5511.).
