3092 4878
138 325 174 386 aa
645 326 757 382 Cornelii
774 326 858 380 Taciti

140 489 285 570 cognitae
308 489 417 571 populi
441 507 548 565 aures,
579 489 644 552 sive
679 489 914 553 accusationem
946 491 1131 571 susceperat
1162 489 1227 552 sive
1259 488 1369 553 delen·

97 595 276 672 accionem,
307 595 393 659 solus
418 594 529 658 statim
553 596 585 659 et
608 613 692 659 unus
715 594 904 675 cuicumque
929 613 1043 660 causae
1066 613 1123 677 par
1151 597 1228 659 erat.
1274 595 1367 659 Nono

140 701 260 766 decimo
292 701 407 766 aetatis
438 719 519 764 auno
549 701 583 764 L.
615 699 749 768 Crassus
780 700 813 766 C.
839 700 1031 778 Carbonem,
1061 721 1124 765 uno
1154 704 1188 766 et
1216 701 1367 766 vicesimo

141 808 258 874 Caesar
281 808 488 885 Dolabellam,
513 808 612 872 altero
638 811 671 872 et
694 808 842 874 vicesimo
866 808 996 872 Asinius
1020 809 1119 872 Pollio
1144 808 1177 874 C.
1202 807 1368 886 Catonem,

138 933 202 978 non
231 915 371 978 multum
404 916 509 979 aetate
541 913 731 979 antecedens
763 914 880 979 Calvus
904 915 1071 980 Vatinium
1102 916 1141 979 iis
1171 916 1367 980 orationibus

141 1021 276 1086 insecuti
300 1023 384 1098 sunt,
410 1039 489 1102 quas
512 1021 669 1102 hodieque
694 1040 767 1086 enm
791 1021 999 1086 admiratione
1022 1022 1167 1104 legimus.

86 1130 127 1192 85
228 1129 293 1204 „At
316 1147 400 1192 nune
424 1126 655 1192 adulescentuli
678 1128 779 1192 nostri
803 1127 1004 1194 deducuntur
1026 1129 1060 1191 iu
1081 1129 1204 1193 scholas
1220 1128 1367 1204 istorum,

141 1234 195 1314 qui
224 1234 366 1298 rhetores
397 1236 565 1310 vocantur,
598 1252 676 1315 quos
707 1234 801 1316 paulo
838 1237 911 1299 ante
943 1234 1101 1300 Ciceronis
1136 1238 1279 1317 tempora
1314 1253 1368 1298 ex·

140 1340 259 1404 stitisse
289 1359 347 1403 nec
377 1340 533 1422 placuisse
564 1340 736 1404 maioribus
770 1341 888 1405 nostris
924 1361 961 1406 ex
996 1360 1030 1406 eo
1065 1341 1272 1405 manifestum
1307 1342 1367 1418 est,

141 1447 224 1527 quod
248 1466 267 1510 a
290 1446 404 1512 Crasso
429 1450 461 1511 et
484 1447 623 1512 Domitio
647 1448 828 1512 censoribus
853 1449 1056 1528 eludere„ut
1080 1449 1125 1511 ait
1149 1447 1272 1524 Cicero,
1302 1448 1367 1510 lu-

115 1552 226 1616 rdum
258 1553 539 1636 impudentiae
562 1554 642 1618 iussi
667 1556 750 1617 sunt.
798 1553 859 1618 Sed
883 1557 921 1618 ut
944 1554 1046 1618 dicere
1070 1554 1288 1630 institueram,
1312 1554 1367 1618 de·

140 1660 299 1724 ducuntur
322 1661 355 1723 iu
379 1661 519 1738 scholas,
548 1661 581 1724 in
607 1661 721 1741 quibus
745 1680 808 1724 non
832 1660 923 1725 facile
947 1661 1079 1724 dixerim
1102 1663 1252 1725 utrumne
1275 1661 1366 1724 locus

121 1766 205 1848 'ipse
230 1786 270 1830 an
294 1767 500 1851 condiscipuli
529 1787 568 1831 an
599 1785 699 1849 genus
730 1766 909 1832 studiorum
938 1769 1011 1850 plus
1041 1768 1117 1831 mali
1146 1768 1281 1850 ingeniis
1312 1767 1367 1831 ad-

140 2032 192 2084 uml
208 2031 397 2100 Austrengnng
416 2033 526 2086 verlaiht
543 2034 635 2088 robur.
664 2033 724 2101 Vgl.
780 2033 965 2087 antecedens“.
981 2063 1013 2071 —
1029 2033 1147 2102 insequi]
1162 2033 1208 2085 wie
1222 2032 1286 2086 Hor.
1300 2031 1366 2103 Epp.

140 2119 210 2174 Hist.
230 2121 313 2186 11,4:
333 2125 534 2192 „quantumque
552 2121 606 2174 illis
625 2121 725 2174 roboris
779 2121 818 2187 11,
838 2123 867 2188 2,
888 2123 935 2175 19:
961 2122 1126 2191 „insequeris
1145 2125 1232 2175 tamen
1250 2121 1321 2174 hunc
1339 2126 1366 2175 et

139 2209 289 2263 discrimina
307 2213 335 2262 et
353 2209 427 2263 labor
507 2209 675 2264 addiderat“.
779 2210 827 2264 lito
855 2211 964 2264 moraris
992 2211 1122 2280 iniqua?“
1155 2239 1190 2248 —
1222 2209 1365 2280 hodieque]

177 2311 217 2352 aa.
244 2299 342 2367 populi
369 2298 463 2367 aures]
492 2297 652 2353 Gesehmaelr
680 2299 725 2352 des
780 2299 845 2353 noch
870 2300 1043 2368 hcutzutaga;
1070 2298 1155 2354 Germ.
1175 2301 1204 2353 3:
1231 2299 1279 2366 „h.
1298 2299 1367 2352 inco·

139 2388 306 2454 Publilrnma3
327 2391 346 2442 s'.
369 2390 409 2454 19,
430 2390 452 2443 7.
780 2388 875 2443 litnr“.
912 2388 961 2442 Eiu
980 2389 1127 2441 nachlrlass.
1146 2387 1298 2452 Ausdruck;
1324 2387 1367 2441 bei

177 2490 217 2532 ³0.
250 2495 322 2532 uarro
355 2478 458 2533 decimo
490 2477 552 2546 etc]
585 2478 725 2546 Bezllglieh
780 2477 870 2542 Quint.
885 2495 935 2532 nur
953 2478 986 2543 X,
1003 2479 1027 2544 1,
1044 2479 1092 2543 92;
1112 2478 1172 2530 sehr
1191 2478 1229 2530 oft
1247 2477 1288 2530 bei
1307 2477 1366 2530 dem

140 2566 224 2620 dieser
237 2567 447 2632 Altersangabeu
464 2567 532 2634 lolgt
545 2567 604 2620 Tac.
620 2567 726 2620 irrtlim-
780 2567 922 2638 Philosoph
941 2566 1044 2620 Seneca.

140 2655 221 2709 lichor
238 2646 451 2723 Uberllelerung;
470 2656 497 2709 L.
513 2655 624 2710 Crassus
642 2660 673 2716 (s.
694 2673 725 2708 zu

141 2745 187 2804 18.
208 2745 259 2810 10),
278 2744 335 2812 gab.
357 2745 409 2798 140
428 2762 451 2798 ν.
470 2744 540 2810 Chr,
559 2761 620 2810 war,
640 2744 679 2797 als
698 2761 726 2797 er
816 2744 893 2813 Kap.
914 2744 962 2800 35.
1000 2745 1041 2798 At
1058 2743 1144 2812 nunc]
1163 2744 1210 2797 nie
1228 2744 1262 2798 29
1282 2744 1298 2797 i.
1319 2742 1365 2797 Aa

140 2831 237 2898 Carbo,
271 2833 319 2885 den
351 2833 566 2901 Parteigenossen
595 2833 641 2886 des
668 2833 725 2888 Tib.
781 2835 840 2900 „At
854 2851 922 2887 nunc
936 2837 1016 2887 natus
1030 2833 1102 2886 infra
1119 2862 1152 2871 -
1166 2833 1296 2899 rhetores]
1312 2849 1367 2886 rer·

140 2919 273 2976 Gracchus
292 2922 428 2990 anlrlagta,
454 2923 487 2976 21
506 2922 587 2976 Juhrc
605 2923 645 2976 alt
662 2921 724 2989 (Cio.
781 2923 895 2976 aohtrich
914 2923 971 2991 (wie
990 2923 1033 2988 30,
1052 2923 1080 2987 4)
1098 2922 1252 2990 gebraucht,
1272 2923 1366 2975 ebeuso

142 3011 173 3064 de
192 3027 228 3065 or.
247 3011 297 3077 111,
313 3012 365 3077 74),
384 3011 465 3066 Cltsar
483 3015 539 3066 trat
556 3013 584 3066 in
603 3012 659 3065 dem
680 3012 725 3065 Er·
780 3013 819 3066 olt
836 3029 885 3066 von
905 3011 1001 3078 Cicero,
1021 3011 1130 3064 welcher
1148 3028 1181 3064 an
1200 3011 1250 3064 den
1268 3010 1366 3079 griech.

140 3101 384 3171 preseungsprozale
411 3118 493 3168 gegen
522 3101 658 3155 Dolabella
686 3101 725 3154 als
779 3101 914 3156 Rhetoren
938 3101 1023 3154 seiner
1041 3101 1098 3154 Zeit
1121 3100 1297 3154 vornehmlieh
1317 3101 1367 3154 dan

141 3189 291 3258 23jiihriger
323 3191 374 3244 aul.
420 3190 600 3244 Unbestimmt
631 3191 726 3243 driiclrt
780 3190 885 3259 Mangol
904 3207 937 3243 an
962 3189 1094 3243 sittlicher
1112 3189 1209 3242 Wlirde
1234 3189 1287 3242 und
1311 3189 1368 3259 phi·

141 3279 196 3332 sich
215 3277 361 3344 Quintilian
384 3296 446 3344 aire,
472 3278 518 3332 der
539 3278 633 3346 jadoch
658 3279 726 3332 wohl
778 3279 957 3350 losophischer
975 3278 1091 3346 Bildnug
1114 3277 1212 3343 tadelt;
1238 3277 1270 3331 de
1288 3295 1324 3331 or.
1344 3277 1367 3344 Ι,

140 3383 187 3420 aus
206 3367 340 3420 darselbeu
356 3365 446 3432 Qnelle
465 3367 512 3420 nie
530 3366 590 3420 Tac.
610 3366 726 3437 schbpite
779 3370 828 3435 87;
856 3368 909 3433 ΙΙΙ,
935 3368 978 3422 81.
1007 3397 1040 3406 -
1068 3365 1128 3434 aec]
1159 3367 1242 3432 „aber
1268 3367 1368 3420 keines·

140 3456 201 3521 XII,
217 3458 241 3522 6,
259 3459 287 3510 l:
308 3473 412 3525 „neque
430 3473 478 3524 ego
497 3472 577 3508 annos
597 3455 724 3525 definiam,
780 3457 879 3524 wegs“.
896 3487 929 3494 —
945 3454 1072 3522 Crassus]
1087 3472 1107 3509 s.
1117 3455 1160 3522 al,
1175 3456 1222 3521 31;
1238 3456 1281 3521 96,
1296 3457 1321 3509 3.
1333 3483 1366 3494 -

141 3562 199 3602 cum
282 3544 390 3612 Calvus,
410 3544 518 3610 Caesar,
537 3544 620 3598 Pollio
643 3545 725 3598 mul·
779 3552 813 3600 aet
832 3547 875 3600 ait
894 3544 997 3611 Cicero]
1017 3544 1049 3597 de
1068 3561 1104 3598 or.
1123 3544 1172 3610 ΠΙ,
1193 3545 1235 3598 94.
1273 3544 1368 3597 Paren-

141 3639 208 3688 tum
241 3637 319 3687 aute
351 3633 581 3704 quaestoriam
613 3635 726 3686 aetatem
781 3634 911 3688 thetische
931 3633 1036 3698 Worte,
1057 3634 1127 3686 saian
1146 3649 1174 3686 es
1191 3649 1272 3701 gauzo
1290 3631 1367 3684 Saitae

140 3723 294 3792 gravissima
311 3723 408 3776 iudicia
432 3722 607 3792 susceperint,
631 3738 727 3792 prae·
781 3723 843 3777 oder
861 3721 1040 3787 Substantiva,
1060 3721 1136 3775 stellt
1149 3721 1216 3788 Tac,
1236 3721 1283 3774 wie
1301 3720 1367 3786 hier,
1476 3723 1479 3730 '

142 3815 300 3866 testatos
323 3812 408 3880 egisse
432 3811 558 3880 quosdam
584 3811 620 3864 sit
648 3810 727 3864 tradi·
781 3812 808 3864 in
827 3811 873 3864 der
890 3810 972 3879 Regel
990 3827 1045 3864 vor
1064 3810 1105 3863 die
1124 3827 1156 3863 zu
1174 3809 1366 3864 erlbutcrnden.

142 3902 229 3956 tnm“.
256 3930 289 3939 -
314 3891 385 3954 Uber
410 3900 513 3956 Calore
538 3916 558 3954 s.
583 3917 615 3952 nu
641 3898 682 3965 17,
701 3898 726 3953 4.
820 3913 842 3952 o.
861 3904 893 3953 at
912 3899 1001 3954 dicere
1018 3898 1204 3965 institueram]
1231 3898 1301 3964 „wie
1325 3897 1367 3951 ioh

143 3991 177 4045 18
196 4007 218 4044 a.
238 3990 266 4045 ΙΙ.
305 3989 357 4044 Cic.
376 3990 452 4042 Brut.
473 3990 533 4043 283.
560 4017 591 4026 -
618 3991 650 4042 ira
673 3987 727 4042 Va·
781 3990 846 4042 eben
861 4005 940 4056 sagon
954 3988 1072 4041 wollte“.
1092 4016 1124 4026 —
1145 3987 1291 4056 inquibus
1305 3985 1367 4054 etc]

142 4079 255 4148 licinia]
275 4096 296 4132 a.
316 4095 348 4132 au
366 4079 409 4144 21,
430 4079 454 4132 9.
479 4107 511 4116 -
537 4094 593 4131 nora
611 4077 728 4130 maltam
782 4095 853 4144 „von
876 4077 958 4130 denen
984 4076 1039 4129 sich
1065 4075 1163 4130 schwer
1189 4092 1269 4141 sagon
1293 4075 1367 4142 lassa,

142 4174 231 4224 aetate
256 4167 428 4235 antecedens]
457 4167 504 4220 wie
528 4165 618 4231 Quint.
642 4166 681 4232 X,
702 4167 726 4233 1,
781 4168 813 4220 cb
833 4167 860 4219 in
878 4166 956 4219 ihnen
977 4207 983 4219 .
1004 4166 1058 4219 ..“.
1085 4195 1118 4202 —
1141 4163 1282 4232 ratramne]
1301 4163 1368 4217 uoch

146 4259 208 4314 103:
224 4257 352 4328 „paulum
367 4258 454 4310 aetate
468 4255 623 4326 praecedens
637 4255 726 4308 eum“.
781 4255 882 4321 37,16,
910 4254 983 4307 steht
1002 4257 1077 4306 soust
1094 4253 1136 4306 bei
1154 4252 1261 4305 Tacitus
1280 4253 1367 4318 nicht;

142 4347 201 4416 Vgl.
217 4347 268 4402 Cic.
284 4347 359 4401 Brut.
375 4347 422 4402 82:
443 4347 551 4414 „aetate
569 4344 675 4414 paulurn
690 4343 727 4397 eis
781 4345 848 4397 diter
865 4342 907 4396 bai
923 4342 1018 4396 Seneca
1036 4341 1090 4395 und
1110 4341 1265 4406 Quintilian.
