<?xml version="1.0" encoding="UTF-8"?>
<!DOCTYPE html PUBLIC "-//W3C//DTD XHTML 1.0 Transitional//EN"
    "http://www.w3.org/TR/xhtml1/DTD/xhtml1-transitional.dtd">
<html xmlns="http://www.w3.org/1999/xhtml" xml:lang="en" lang="en">
 <head>
  <title>
</title>
<meta http-equiv="Content-Type" content="text/html;charset=utf-8" />
  <meta name='ocr-system' content='tesseract 3.04.00' />
  <meta name='ocr-capabilities' content='ocr_page ocr_carea ocr_par ocr_line ocrx_word'/>
</head>
<body>
  <div class='ocr_page' id='page_1' title='image "./corneliitacitid02tacigoog_0037.png"; bbox 0 0 3098 4862; ppageno 0'>
   <div class='ocr_carea' id='block_1_1' title="bbox 164 333 888 395">
    <p class='ocr_par' dir='ltr' id='par_1_1' title="bbox 164 333 888 395">
     <span class='ocr_line' id='line_1_1' title="bbox 164 333 888 395; baseline -0.006 0"><span class='ocrx_word' id='word_1_1' title='bbox 164 333 201 395; x_wconf 79' lang='lat'><strong>28</strong></span> <span class='ocrx_word' id='word_1_2' title='bbox 673 337 785 393; x_wconf 85' lang='lat' dir='ltr'><strong>Cornelii</strong></span> <span class='ocrx_word' id='word_1_3' title='bbox 803 337 888 392; x_wconf 83' lang='lat' dir='ltr'><strong>Taciti</strong></span> 
     </span>
    </p>
   </div>
   <div class='ocr_carea' id='block_1_2' title="bbox 121 497 1539 2074">
    <p class='ocr_par' dir='ltr' id='par_1_2' title="bbox 121 497 1539 2074">
     <span class='ocr_line' id='line_1_2' title="bbox 166 497 1396 582; baseline 0 -20"><span class='ocrx_word' id='word_1_4' title='bbox 166 517 263 580; x_wconf 91' lang='lat' dir='ltr'><strong>quam</strong></span> <span class='ocrx_word' id='word_1_5' title='bbox 286 499 417 564; x_wconf 92' lang='lat' dir='ltr'><strong>remotis</strong></span> <span class='ocrx_word' id='word_1_6' title='bbox 441 501 474 564; x_wconf 86' lang='lat' dir='ltr'><strong>et</strong></span> <span class='ocrx_word' id='word_1_7' title='bbox 496 499 687 563; x_wconf 73' lang='lat' dir='ltr'><strong>oblitteratis</strong></span> <span class='ocrx_word' id='word_1_8' title='bbox 710 498 861 581; x_wconf 84' lang='lat' dir='ltr'><strong>exemplis</strong></span> <span class='ocrx_word' id='word_1_9' title='bbox 886 497 971 582; x_wconf 86' lang='lat' dir='ltr'><strong>utor)</strong></span> <span class='ocrx_word' id='word_1_10' title='bbox 993 517 1057 562; x_wconf 93' lang='lat' dir='ltr'><strong>non</strong></span> <span class='ocrx_word' id='word_1_11' title='bbox 1080 497 1186 562; x_wconf 92' lang='lat' dir='ltr'><strong>minus</strong></span> <span class='ocrx_word' id='word_1_12' title='bbox 1209 500 1302 563; x_wconf 90' lang='lat' dir='ltr'><strong>notos</strong></span> <span class='ocrx_word' id='word_1_13' title='bbox 1326 515 1396 563; x_wconf 90' lang='lat' dir='ltr'><strong>esse</strong></span> 
     </span>
     <span class='ocr_line' id='line_1_3' title="bbox 164 603 1397 688; baseline -0.001 -20"><span class='ocrx_word' id='word_1_14' title='bbox 164 605 198 669; x_wconf 93' lang='lat' dir='ltr'><strong>in</strong></span> <span class='ocrx_word' id='word_1_15' title='bbox 222 605 371 670; x_wconf 82' lang='lat' dir='ltr'><strong>extremis</strong></span> <span class='ocrx_word' id='word_1_16' title='bbox 394 605 539 688; x_wconf 87' lang='lat' dir='ltr'><strong>partibus</strong></span> <span class='ocrx_word' id='word_1_17' title='bbox 556 607 717 670; x_wconf 86' lang='lat' dir='ltr'><strong>terrarum</strong></span> <span class='ocrx_word' id='word_1_18' title='bbox 734 623 830 686; x_wconf 88' lang='lat' dir='ltr'><strong>quam</strong></span> <span class='ocrx_word' id='word_1_19' title='bbox 847 605 974 688; x_wconf 81' lang='lat' dir='ltr'>Capuae</span> <span class='ocrx_word' id='word_1_20' title='bbox 991 606 1048 670; x_wconf 88' lang='lat' dir='ltr'><strong>ent</strong></span> <span class='ocrx_word' id='word_1_21' title='bbox 1063 603 1228 681; x_wconf 77' lang='lat' dir='ltr'><strong>Vercellis,</strong></span> <span class='ocrx_word' id='word_1_22' title='bbox 1250 604 1305 668; x_wconf 91' lang='lat' dir='ltr'><strong>ubi</strong></span> <span class='ocrx_word' id='word_1_23' title='bbox 1327 604 1397 668; x_wconf 91' lang='lat' dir='ltr'><strong>nati</strong></span> 
     </span>
     <span class='ocr_line' id='line_1_4' title="bbox 140 711 1396 789; baseline 0.002 -16"><span class='ocrx_word' id='word_1_24' title='bbox 140 711 324 777; x_wconf 81' lang='lat' dir='ltr'><strong>edicuntur.</strong></span> <span class='ocrx_word' id='word_1_25' title='bbox 363 712 431 777; x_wconf 89' lang='lat' dir='ltr'><strong>Nec</strong></span> <span class='ocrx_word' id='word_1_26' title='bbox 453 712 513 776; x_wconf 91' lang='lat' dir='ltr'><strong>hoc</strong></span> <span class='ocrx_word' id='word_1_27' title='bbox 535 712 599 776; x_wconf 91' lang='lat' dir='ltr'><strong>illis</strong></span> <span class='ocrx_word' id='word_1_28' title='bbox 624 712 755 776; x_wconf 88' lang='lat' dir='ltr'><strong>alterius</strong></span> <span class='ocrx_word' id='word_1_29' title='bbox 778 712 837 789; x_wconf 92' lang='lat' dir='ltr'><strong>bis,</strong></span> <span class='ocrx_word' id='word_1_30' title='bbox 860 712 993 776; x_wconf 84' lang='lat' dir='ltr'><strong>alterius</strong></span> <span class='ocrx_word' id='word_1_31' title='bbox 1016 713 1065 776; x_wconf 89' lang='lat' dir='ltr'><strong>ter</strong></span> <span class='ocrx_word' id='word_1_32' title='bbox 1088 711 1191 776; x_wconf 91' lang='lat' dir='ltr'><strong>milies</strong></span> <span class='ocrx_word' id='word_1_33' title='bbox 1210 711 1396 776; x_wconf 85' lang='lat' dir='ltr'><strong>sestertium</strong></span> 
     </span>
     <span class='ocr_line' id='line_1_5' title="bbox 164 817 1396 901; baseline 0.001 -20"><span class='ocrx_word' id='word_1_34' title='bbox 164 820 317 900; x_wconf 89' lang='lat' dir='ltr'><strong>praestat,</strong></span> <span class='ocrx_word' id='word_1_35' title='bbox 342 837 539 900; x_wconf 89' lang='lat' dir='ltr'><strong>quamquam</strong></span> <span class='ocrx_word' id='word_1_36' title='bbox 563 818 603 883; x_wconf 90' lang='lat' dir='ltr'><strong>ad</strong></span> <span class='ocrx_word' id='word_1_37' title='bbox 626 819 685 882; x_wconf 91' lang='lat' dir='ltr'><strong>has</strong></span> <span class='ocrx_word' id='word_1_38' title='bbox 708 819 794 901; x_wconf 90' lang='lat' dir='ltr'><strong>ipsas</strong></span> <span class='ocrx_word' id='word_1_39' title='bbox 818 837 892 901; x_wconf 91' lang='lat' dir='ltr'><strong>opes</strong></span> <span class='ocrx_word' id='word_1_40' title='bbox 915 820 1050 901; x_wconf 86' lang='lat' dir='ltr'><strong>possunt</strong></span> <span class='ocrx_word' id='word_1_41' title='bbox 1072 817 1172 883; x_wconf 84' lang='lat' dir='ltr'><strong>videri</strong></span> <span class='ocrx_word' id='word_1_42' title='bbox 1195 818 1396 898; x_wconf 84' lang='lat' dir='ltr'><strong>eloquentiae</strong></span> 
     </span>
     <span class='ocr_line' id='line_1_6' title="bbox 164 924 1394 1008; baseline -0.001 -19"><span class='ocrx_word' id='word_1_43' title='bbox 164 924 315 990; x_wconf 90' lang='lat' dir='ltr'><strong>beneficio</strong></span> <span class='ocrx_word' id='word_1_44' title='bbox 338 925 478 1002; x_wconf 86' lang='lat' dir='ltr'><strong>venisse,</strong></span> <span class='ocrx_word' id='word_1_45' title='bbox 510 925 566 989; x_wconf 91' lang='lat' dir='ltr'><strong>ssd</strong></span> <span class='ocrx_word' id='word_1_46' title='bbox 593 925 663 1008; x_wconf 84' lang='lat' dir='ltr'><strong>ipsa</strong></span> <span class='ocrx_word' id='word_1_47' title='bbox 691 925 891 1007; x_wconf 80' lang='lat' dir='ltr'><strong>eloquentia3</strong></span> <span class='ocrx_word' id='word_1_48' title='bbox 922 925 1012 990; x_wconf 91' lang='lat' dir='ltr'><strong>cuius</strong></span> <span class='ocrx_word' id='word_1_49' title='bbox 1041 943 1161 990; x_wconf 91' lang='lat' dir='ltr'><strong>numen</strong></span> <span class='ocrx_word' id='word_1_50' title='bbox 1189 926 1222 988; x_wconf 90' lang='lat' dir='ltr'><strong>et</strong></span> <span class='ocrx_word' id='word_1_51' title='bbox 1249 924 1394 988; x_wconf 90' lang='lat' dir='ltr'><strong>caelestis</strong></span> 
     </span>
     <span class='ocr_line' id='line_1_7' title="bbox 164 1030 1396 1114; baseline 0 -19"><span class='ocrx_word' id='word_1_52' title='bbox 164 1031 212 1095; x_wconf 86' lang='lat' dir='ltr'><strong>vis</strong></span> <span class='ocrx_word' id='word_1_53' title='bbox 236 1031 340 1095; x_wconf 89' lang='lat' dir='ltr'><strong>multa</strong></span> <span class='ocrx_word' id='word_1_54' title='bbox 356 1031 486 1112; x_wconf 90' lang='lat' dir='ltr'><strong>quidem</strong></span> <span class='ocrx_word' id='word_1_55' title='bbox 501 1031 648 1096; x_wconf 89' lang='lat' dir='ltr'><strong>omnibus</strong></span> <span class='ocrx_word' id='word_1_56' title='bbox 665 1032 800 1096; x_wconf 89' lang='lat' dir='ltr'><strong>saeculis</strong></span> <span class='ocrx_word' id='word_1_57' title='bbox 817 1032 960 1114; x_wconf 85' lang='lat' dir='ltr'><strong>exempla</strong></span> <span class='ocrx_word' id='word_1_58' title='bbox 976 1031 1084 1108; x_wconf 90' lang='lat' dir='ltr'><strong>edidit,</strong></span> <span class='ocrx_word' id='word_1_59' title='bbox 1108 1030 1149 1094; x_wconf 93' lang='lat' dir='ltr'><strong>ad</strong></span> <span class='ocrx_word' id='word_1_60' title='bbox 1172 1049 1269 1112; x_wconf 89' lang='lat' dir='ltr'><strong>quam</strong></span> <span class='ocrx_word' id='word_1_61' title='bbox 1293 1049 1396 1112; x_wconf 89' lang='lat' dir='ltr'><strong>usque</strong></span> 
     </span>
     <span class='ocr_line' id='line_1_8' title="bbox 164 1136 1396 1221; baseline 0 -21"><span class='ocrx_word' id='word_1_62' title='bbox 164 1136 327 1203; x_wconf 88' lang='lat' dir='ltr'><strong>fortunam</strong></span> <span class='ocrx_word' id='word_1_63' title='bbox 350 1137 495 1202; x_wconf 90' lang='lat' dir='ltr'><strong>homines</strong></span> <span class='ocrx_word' id='word_1_64' title='bbox 518 1137 638 1219; x_wconf 84' lang='lat' dir='ltr'><strong>ingenii</strong></span> <span class='ocrx_word' id='word_1_65' title='bbox 661 1139 782 1202; x_wconf 87' lang='lat' dir='ltr'><strong>viribus</strong></span> <span class='ocrx_word' id='word_1_66' title='bbox 804 1138 1020 1221; x_wconf 89' lang='lat' dir='ltr'><strong>pervenerint,</strong></span> <span class='ocrx_word' id='word_1_67' title='bbox 1044 1137 1100 1202; x_wconf 90' lang='lat' dir='ltr'><strong>sed</strong></span> <span class='ocrx_word' id='word_1_68' title='bbox 1122 1137 1214 1214; x_wconf 90' lang='lat' dir='ltr'><strong>haec,</strong></span> <span class='ocrx_word' id='word_1_69' title='bbox 1237 1140 1275 1201; x_wconf 87' lang='lat' dir='ltr'><strong>ut</strong></span> <span class='ocrx_word' id='word_1_70' title='bbox 1298 1155 1396 1220; x_wconf 89' lang='lat' dir='ltr'><strong>supra</strong></span> 
     </span>
     <span class='ocr_line' id='line_1_9' title="bbox 122 1243 1395 1327; baseline 0 -19"><span class='ocrx_word' id='word_1_71' title='bbox 122 1267 153 1308; x_wconf 82' lang='lat' dir='ltr'><strong>rc</strong></span> <span class='ocrx_word' id='word_1_72' title='bbox 164 1243 236 1320; x_wconf 83' lang='lat' dir='ltr'><strong>dixi,</strong></span> <span class='ocrx_word' id='word_1_73' title='bbox 259 1246 401 1327; x_wconf 76' lang='lat' dir='ltr'><strong>proxima</strong></span> <span class='ocrx_word' id='word_1_74' title='bbox 425 1246 457 1309; x_wconf 94' lang='lat' dir='ltr'><strong>et</strong></span> <span class='ocrx_word' id='word_1_75' title='bbox 481 1263 562 1326; x_wconf 90' lang='lat' dir='ltr'><strong>quae</strong></span> <span class='ocrx_word' id='word_1_76' title='bbox 578 1264 641 1309; x_wconf 90' lang='lat' dir='ltr'><strong>non</strong></span> <span class='ocrx_word' id='word_1_77' title='bbox 658 1245 770 1310; x_wconf 87' lang='lat' dir='ltr'><strong>auditu</strong></span> <span class='ocrx_word' id='word_1_78' title='bbox 786 1245 1011 1326; x_wconf 84' lang='lat' dir='ltr'><strong>cognoscenda,</strong></span> <span class='ocrx_word' id='word_1_79' title='bbox 1035 1244 1091 1309; x_wconf 92' lang='lat' dir='ltr'><strong>sed</strong></span> <span class='ocrx_word' id='word_1_80' title='bbox 1107 1245 1205 1308; x_wconf 90' lang='lat' dir='ltr'><strong>oculis</strong></span> <span class='ocrx_word' id='word_1_81' title='bbox 1223 1244 1395 1326; x_wconf 88' lang='lat' dir='ltr'><strong>spectanda</strong></span> 
     </span>
     <span class='ocr_line' id='line_1_10' title="bbox 164 1339 1396 1433; baseline 0 -18"><span class='ocrx_word' id='word_1_82' title='bbox 164 1350 363 1416; x_wconf 88' lang='lat' dir='ltr'><strong>haberemus.</strong></span> <span class='ocrx_word' id='word_1_83' title='bbox 401 1351 486 1416; x_wconf 89' lang='lat' dir='ltr'><strong>Nam</strong></span> <span class='ocrx_word' id='word_1_84' title='bbox 507 1369 570 1433; x_wconf 92' lang='lat' dir='ltr'><strong>quo</strong></span> <span class='ocrx_word' id='word_1_85' title='bbox 591 1351 747 1416; x_wconf 89' lang='lat' dir='ltr'><strong>sordidius</strong></span> <span class='ocrx_word' id='word_1_86' title='bbox 768 1354 801 1416; x_wconf 90' lang='lat' dir='ltr'><strong>et</strong></span> <span class='ocrx_word' id='word_1_87' title='bbox 817 1351 971 1416; x_wconf 90' lang='lat' dir='ltr'><strong>abiectius</strong></span> <span class='ocrx_word' id='word_1_88' title='bbox 985 1352 1055 1416; x_wconf 91' lang='lat' dir='ltr'><strong>nati</strong></span> <span class='ocrx_word' id='word_1_89' title='bbox 1071 1339 1147 1415; x_wconf 87' lang='lat' dir='ltr'><strong>sunt</strong></span> <span class='ocrx_word' id='word_1_90' title='bbox 1163 1369 1289 1433; x_wconf 89' lang='lat' dir='ltr'><strong>quoque</strong></span> <span class='ocrx_word' id='word_1_91' title='bbox 1303 1353 1396 1415; x_wconf 85' lang='lat' dir='ltr'><strong>nota-</strong></span> 
     </span>
     <span class='ocr_line' id='line_1_11' title="bbox 164 1457 1394 1541; baseline 0 -19"><span class='ocrx_word' id='word_1_92' title='bbox 164 1457 256 1523; x_wconf 91' lang='lat' dir='ltr'><strong>bilior</strong></span> <span class='ocrx_word' id='word_1_93' title='bbox 279 1460 451 1541; x_wconf 87' lang='lat' dir='ltr'><strong>paupertas</strong></span> <span class='ocrx_word' id='word_1_94' title='bbox 475 1460 508 1522; x_wconf 91' lang='lat' dir='ltr'><strong>et</strong></span> <span class='ocrx_word' id='word_1_95' title='bbox 531 1459 698 1540; x_wconf 80' lang='lat' dir='ltr'><strong>angustiae</strong></span> <span class='ocrx_word' id='word_1_96' title='bbox 721 1477 829 1524; x_wconf 88' lang='lat' dir='ltr'><strong>rerum</strong></span> <span class='ocrx_word' id='word_1_97' title='bbox 852 1460 1020 1524; x_wconf 90' lang='lat' dir='ltr'><strong>nascentes</strong></span> <span class='ocrx_word' id='word_1_98' title='bbox 1037 1477 1090 1522; x_wconf 92' lang='lat' dir='ltr'><strong>eos</strong></span> <span class='ocrx_word' id='word_1_99' title='bbox 1106 1458 1394 1535; x_wconf 88' lang='lat' dir='ltr'><strong>circumsteterunt,</strong></span> 
     </span>
     <span class='ocr_line' id='line_1_12' title="bbox 164 1557 1394 1646; baseline 0.001 -18"><span class='ocrx_word' id='word_1_100' title='bbox 164 1582 200 1628; x_wconf 91' lang='lat' dir='ltr'><strong>eo</strong></span> <span class='ocrx_word' id='word_1_101' title='bbox 228 1565 362 1629; x_wconf 89' lang='lat' dir='ltr'><strong>clariora</strong></span> <span class='ocrx_word' id='word_1_102' title='bbox 390 1567 423 1629; x_wconf 92' lang='lat' dir='ltr'><strong>et</strong></span> <span class='ocrx_word' id='word_1_103' title='bbox 448 1564 488 1628; x_wconf 93' lang='lat' dir='ltr'><strong>ad</strong></span> <span class='ocrx_word' id='word_1_104' title='bbox 512 1564 793 1630; x_wconf 86' lang='lat' dir='ltr'><strong>demonstrandam</strong></span> <span class='ocrx_word' id='word_1_105' title='bbox 816 1557 972 1630; x_wconf 87' lang='lat' dir='ltr'><strong>oratoriae</strong></span> <span class='ocrx_word' id='word_1_106' title='bbox 996 1565 1195 1646; x_wconf 87' lang='lat' dir='ltr'><strong>eloquentiae</strong></span> <span class='ocrx_word' id='word_1_107' title='bbox 1219 1564 1394 1629; x_wconf 85' lang='lat' dir='ltr'><strong>utilitatem</strong></span> 
     </span>
     <span class='ocr_line' id='line_1_13' title="bbox 163 1669 1394 1754; baseline -0.001 -20"><span class='ocrx_word' id='word_1_108' title='bbox 163 1669 349 1735; x_wconf 90' lang='lat' dir='ltr'><strong>inlustriora</strong></span> <span class='ocrx_word' id='word_1_109' title='bbox 372 1672 517 1754; x_wconf 86' lang='lat' dir='ltr'><strong>exempla</strong></span> <span class='ocrx_word' id='word_1_110' title='bbox 541 1673 626 1748; x_wconf 91' lang='lat' dir='ltr'><strong>sunt,</strong></span> <span class='ocrx_word' id='word_1_111' title='bbox 651 1672 734 1754; x_wconf 93' lang='lat' dir='ltr'><strong>quod</strong></span> <span class='ocrx_word' id='word_1_112' title='bbox 758 1673 825 1738; x_wconf 89' lang='lat' dir='ltr'><strong>sine</strong></span> <span class='ocrx_word' id='word_1_113' title='bbox 842 1671 1115 1737; x_wconf 88' lang='lat' dir='ltr'><strong>commendatione</strong></span> <span class='ocrx_word' id='word_1_114' title='bbox 1135 1671 1302 1746; x_wconf 89' lang='lat' dir='ltr'><strong>natalium,</strong></span> <span class='ocrx_word' id='word_1_115' title='bbox 1327 1671 1394 1734; x_wconf 90' lang='lat' dir='ltr'><strong>sine</strong></span> 
     </span>
     <span class='ocr_line' id='line_1_14' title="bbox 121 1776 1539 1861; baseline 0.006 -23"><span class='ocrx_word' id='word_1_116' title='bbox 121 1798 152 1839; x_wconf 77' lang='lat' dir='ltr'><strong>rs</strong></span> <span class='ocrx_word' id='word_1_117' title='bbox 165 1777 345 1842; x_wconf 87' lang='lat' dir='ltr'><strong>substantia</strong></span> <span class='ocrx_word' id='word_1_118' title='bbox 361 1777 562 1855; x_wconf 77' lang='lat' dir='ltr'><strong>facultatum,</strong></span> <span class='ocrx_word' id='word_1_119' title='bbox 584 1781 698 1844; x_wconf 90' lang='lat' dir='ltr'><strong>neuter</strong></span> <span class='ocrx_word' id='word_1_120' title='bbox 713 1778 854 1844; x_wconf 88' lang='lat' dir='ltr'><strong>moribus</strong></span> <span class='ocrx_word' id='word_1_121' title='bbox 871 1778 1026 1861; x_wconf 84' lang='lat' dir='ltr'><strong>egregius,</strong></span> <span class='ocrx_word' id='word_1_122' title='bbox 1042 1779 1123 1842; x_wconf 88' lang='lat' dir='ltr'><strong>altar</strong></span> <span class='ocrx_word' id='word_1_123' title='bbox 1138 1776 1251 1842; x_wconf 89' lang='lat' dir='ltr'><strong>habitu</strong></span> <span class='ocrx_word' id='word_1_124' title='bbox 1267 1795 1393 1859; x_wconf 91' lang='lat' dir='ltr'><strong>quoque</strong></span> <span class='ocrx_word' id='word_1_125' title='bbox 1538 1841 1539 1846; x_wconf 75' lang='grc'>,</span> 
     </span>
     <span class='ocr_line' id='line_1_15' title="bbox 164 1884 1394 1968; baseline 0.001 -22"><span class='ocrx_word' id='word_1_126' title='bbox 164 1884 302 1966; x_wconf 89' lang='lat' dir='ltr'><strong>corporis</strong></span> <span class='ocrx_word' id='word_1_127' title='bbox 319 1886 532 1968; x_wconf 89' lang='lat' dir='ltr'><strong>contemptus,</strong></span> <span class='ocrx_word' id='word_1_128' title='bbox 555 1903 611 1968; x_wconf 91' lang='lat' dir='ltr'><strong>per</strong></span> <span class='ocrx_word' id='word_1_129' title='bbox 634 1887 753 1950; x_wconf 91' lang='lat' dir='ltr'><strong>multos</strong></span> <span class='ocrx_word' id='word_1_130' title='bbox 776 1886 840 1950; x_wconf 90' lang='lat' dir='ltr'><strong>iam</strong></span> <span class='ocrx_word' id='word_1_131' title='bbox 865 1903 963 1949; x_wconf 89' lang='lat' dir='ltr'><strong>annos</strong></span> <span class='ocrx_word' id='word_1_132' title='bbox 984 1884 1197 1968; x_wconf 88' lang='lat' dir='ltr'><strong>potentissimi</strong></span> <span class='ocrx_word' id='word_1_133' title='bbox 1221 1885 1296 1948; x_wconf 90' lang='lat' dir='ltr'><strong>sunt</strong></span> <span class='ocrx_word' id='word_1_134' title='bbox 1319 1884 1394 1948; x_wconf 89' lang='lat' dir='ltr'><strong>eivi—</strong></span> 
     </span>
     <span class='ocr_line' id='line_1_16' title="bbox 164 1989 1393 2074; baseline 0.001 -22"><span class='ocrx_word' id='word_1_135' title='bbox 164 1989 242 2054; x_wconf 90' lang='lat' dir='ltr'><strong>tatis</strong></span> <span class='ocrx_word' id='word_1_136' title='bbox 267 2008 317 2067; x_wconf 89' lang='lat' dir='ltr'><strong>ao,</strong></span> <span class='ocrx_word' id='word_1_137' title='bbox 348 1990 447 2055; x_wconf 90' lang='lat' dir='ltr'><strong>donec</strong></span> <span class='ocrx_word' id='word_1_138' title='bbox 470 1991 577 2068; x_wconf 90' lang='lat' dir='ltr'><strong>libuit,</strong></span> <span class='ocrx_word' id='word_1_139' title='bbox 607 1992 764 2074; x_wconf 89' lang='lat' dir='ltr'><strong>principes</strong></span> <span class='ocrx_word' id='word_1_140' title='bbox 788 1991 861 2069; x_wconf 88' lang='lat' dir='ltr'><strong>fori,</strong></span> <span class='ocrx_word' id='word_1_141' title='bbox 891 2009 976 2056; x_wconf 92' lang='lat' dir='ltr'><strong>nuno</strong></span> <span class='ocrx_word' id='word_1_142' title='bbox 1004 1991 1161 2074; x_wconf 91' lang='lat' dir='ltr'><strong>principes</strong></span> <span class='ocrx_word' id='word_1_143' title='bbox 1189 1991 1223 2054; x_wconf 93' lang='lat' dir='ltr'><strong>in</strong></span> <span class='ocrx_word' id='word_1_144' title='bbox 1247 1989 1393 2056; x_wconf 84' lang='lat' dir='ltr'><strong>Caesaris</strong></span> 
     </span>
    </p>
   </div>
   <div class='ocr_carea' id='block_1_3' title="bbox 159 2218 1393 4424">
    <p class='ocr_par' dir='ltr' id='par_1_3' title="bbox 159 2218 1393 4424">
     <span class='ocr_line' id='line_1_17' title="bbox 162 2218 1392 2290; baseline 0.002 -18"><span class='ocrx_word' id='word_1_145' title='bbox 162 2218 216 2273; x_wconf 91' lang='lat' dir='ltr'><strong>und</strong></span> <span class='ocrx_word' id='word_1_146' title='bbox 248 2222 327 2274; x_wconf 88' lang='lat' dir='ltr'><strong>unter</strong></span> <span class='ocrx_word' id='word_1_147' title='bbox 354 2219 498 2290; x_wconf 88' lang='lat' dir='ltr'><strong>Vespasian</strong></span> <span class='ocrx_word' id='word_1_148' title='bbox 529 2219 691 2274; x_wconf 83' lang='lat' dir='ltr'><strong>Statthaltar</strong></span> <span class='ocrx_word' id='word_1_149' title='bbox 722 2221 750 2275; x_wconf 91' lang='lat' dir='ltr'><strong>in</strong></span> <span class='ocrx_word' id='word_1_150' title='bbox 803 2221 853 2274; x_wconf 93' lang='lat' dir='ltr'><strong>mit</strong></span> <span class='ocrx_word' id='word_1_151' title='bbox 871 2222 970 2276; x_wconf 77' lang='lat' dir='ltr'><strong>habere</strong></span> <span class='ocrx_word' id='word_1_152' title='bbox 993 2221 1029 2274; x_wconf 91' lang='lat' dir='ltr'><strong>im</strong></span> <span class='ocrx_word' id='word_1_153' title='bbox 1047 2220 1127 2274; x_wconf 88' lang='lat' dir='ltr'><strong>Sinne</strong></span> <span class='ocrx_word' id='word_1_154' title='bbox 1146 2237 1196 2274; x_wconf 90' lang='lat' dir='ltr'><strong>von</strong></span> <span class='ocrx_word' id='word_1_155' title='bbox 1214 2235 1269 2275; x_wconf 84' lang='lat' dir='ltr'><strong>esse</strong></span> <span class='ocrx_word' id='word_1_156' title='bbox 1288 2237 1309 2274; x_wconf 90' lang='lat' dir='ltr'><strong>c.</strong></span> <span class='ocrx_word' id='word_1_157' title='bbox 1329 2220 1392 2274; x_wconf 89' lang='lat' dir='ltr'><strong>Dat.</strong></span> 
     </span>
     <span class='ocr_line' id='line_1_18' title="bbox 162 2307 1392 2380; baseline 0 -18"><span class='ocrx_word' id='word_1_158' title='bbox 162 2307 261 2362; x_wconf 80' lang='lat' dir='ltr'><strong>Airilra.</strong></span> <span class='ocrx_word' id='word_1_159' title='bbox 290 2307 361 2362; x_wconf 91' lang='lat' dir='ltr'><strong>Hist.</strong></span> <span class='ocrx_word' id='word_1_160' title='bbox 376 2309 410 2375; x_wconf 88' lang='lat' dir='ltr'><strong>H,</strong></span> <span class='ocrx_word' id='word_1_161' title='bbox 427 2311 473 2364; x_wconf 90' lang='lat'><strong>10:</strong></span> <span class='ocrx_word' id='word_1_162' title='bbox 489 2309 619 2380; x_wconf 85' lang='lat' dir='ltr'><strong>„pecunia</strong></span> <span class='ocrx_word' id='word_1_163' title='bbox 632 2310 751 2380; x_wconf 85' lang='lat' dir='ltr'><strong>potentie</strong></span> <span class='ocrx_word' id='word_1_164' title='bbox 803 2310 841 2364; x_wconf 90' lang='lat' dir='ltr'><strong>ist</strong></span> <span class='ocrx_word' id='word_1_165' title='bbox 858 2310 900 2363; x_wconf 89' lang='lat' dir='ltr'><strong>bei</strong></span> <span class='ocrx_word' id='word_1_166' title='bbox 918 2309 968 2363; x_wconf 91' lang='lat' dir='ltr'><strong>den</strong></span> <span class='ocrx_word' id='word_1_167' title='bbox 987 2309 1139 2364; x_wconf 85' lang='lat' dir='ltr'><strong>Klassilrern</strong></span> <span class='ocrx_word' id='word_1_168' title='bbox 1158 2310 1251 2376; x_wconf 80' lang='lat' dir='ltr'><strong>salton,</strong></span> <span class='ocrx_word' id='word_1_169' title='bbox 1271 2309 1312 2363; x_wconf 90' lang='lat' dir='ltr'><strong>bei</strong></span> <span class='ocrx_word' id='word_1_170' title='bbox 1332 2309 1392 2363; x_wconf 89' lang='lat' dir='ltr'><strong>Tac.</strong></span> 
     </span>
     <span class='ocr_line' id='line_1_19' title="bbox 162 2397 901 2469; baseline 0.005 -19"><span class='ocrx_word' id='word_1_171' title='bbox 162 2397 266 2465; x_wconf 86' lang='lat' dir='ltr'><strong>ingenio</strong></span> <span class='ocrx_word' id='word_1_172' title='bbox 285 2398 357 2452; x_wconf 88' lang='lat' dir='ltr'><strong>inter</strong></span> <span class='ocrx_word' id='word_1_173' title='bbox 374 2399 458 2452; x_wconf 87' lang='lat' dir='ltr'><strong>claros</strong></span> <span class='ocrx_word' id='word_1_174' title='bbox 482 2399 566 2468; x_wconf 86' lang='lat' dir='ltr'><strong>magis</strong></span> <span class='ocrx_word' id='word_1_175' title='bbox 584 2415 662 2469; x_wconf 87' lang='lat' dir='ltr'><strong>quarn</strong></span> <span class='ocrx_word' id='word_1_176' title='bbox 681 2401 751 2453; x_wconf 86' lang='lat' dir='ltr'><strong>inter</strong></span> <span class='ocrx_word' id='word_1_177' title='bbox 803 2399 901 2468; x_wconf 71' lang='lat' dir='ltr'><strong>hiufig.</strong></span> 
     </span>
     <span class='ocr_line' id='line_1_20' title="bbox 162 2486 1392 2557; baseline 0 -17"><span class='ocrx_word' id='word_1_178' title='bbox 162 2486 273 2541; x_wconf 89' lang='lat' dir='ltr'><strong>bonos“.</strong></span> <span class='ocrx_word' id='word_1_179' title='bbox 306 2486 453 2552; x_wconf 86' lang='lat' dir='ltr'><strong>Quintilian</strong></span> <span class='ocrx_word' id='word_1_180' title='bbox 468 2506 493 2542; x_wconf 88' lang='lat' dir='ltr'><strong>u.</strong></span> <span class='ocrx_word' id='word_1_181' title='bbox 508 2489 619 2542; x_wconf 85' lang='lat' dir='ltr'><strong>Juvenal</strong></span> <span class='ocrx_word' id='word_1_182' title='bbox 639 2489 750 2543; x_wconf 86' lang='lat' dir='ltr'><strong>urteilsn</strong></span> <span class='ocrx_word' id='word_1_183' title='bbox 839 2489 983 2556; x_wconf 76' lang='lat' dir='ltr'><strong>abiectius]</strong></span> <span class='ocrx_word' id='word_1_184' title='bbox 1003 2489 1041 2544; x_wconf 88' lang='lat' dir='ltr'><strong>ist</strong></span> <span class='ocrx_word' id='word_1_185' title='bbox 1059 2488 1133 2542; x_wconf 84' lang='lat' dir='ltr'><strong>keine</strong></span> <span class='ocrx_word' id='word_1_186' title='bbox 1151 2489 1230 2542; x_wconf 85' lang='lat' dir='ltr'><strong>klass.</strong></span> <span class='ocrx_word' id='word_1_187' title='bbox 1251 2487 1392 2557; x_wconf 85' lang='lat' dir='ltr'><strong>Kompara·</strong></span> 
     </span>
     <span class='ocr_line' id='line_1_21' title="bbox 160 2575 1392 2644; baseline 0.002 -16"><span class='ocrx_word' id='word_1_188' title='bbox 160 2575 299 2644; x_wconf 83' lang='lat' dir='ltr'><strong>giinstiger</strong></span> <span class='ocrx_word' id='word_1_189' title='bbox 313 2576 377 2630; x_wconf 82' lang='lat' dir='ltr'><strong>iiber</strong></span> <span class='ocrx_word' id='word_1_190' title='bbox 390 2577 444 2631; x_wconf 87' lang='lat' dir='ltr'><strong>ibn.</strong></span> <span class='ocrx_word' id='word_1_191' title='bbox 465 2606 498 2616; x_wconf 94' lang='lat'><strong>—</strong></span> <span class='ocrx_word' id='word_1_192' title='bbox 517 2578 597 2632; x_wconf 76' lang='lat' dir='ltr'><strong>novis</strong></span> <span class='ocrx_word' id='word_1_193' title='bbox 616 2584 641 2632; x_wconf 86' lang='lat' dir='ltr'><strong>ct</strong></span> <span class='ocrx_word' id='word_1_194' title='bbox 657 2593 749 2634; x_wconf 75' lang='lat' dir='ltr'><strong>recen·</strong></span> <span class='ocrx_word' id='word_1_195' title='bbox 804 2578 922 2644; x_wconf 79' lang='lat' dir='ltr'><strong>tivform3</strong></span> <span class='ocrx_word' id='word_1_196' title='bbox 942 2581 1031 2632; x_wconf 84' lang='lat' dir='ltr'><strong>zuerst</strong></span> <span class='ocrx_word' id='word_1_197' title='bbox 1048 2578 1091 2632; x_wconf 91' lang='lat' dir='ltr'><strong>bei</strong></span> <span class='ocrx_word' id='word_1_198' title='bbox 1108 2577 1166 2632; x_wconf 88' lang='lat' dir='ltr'><strong>Val.</strong></span> <span class='ocrx_word' id='word_1_199' title='bbox 1181 2577 1249 2630; x_wconf 84' lang='lat' dir='ltr'><strong>Max.</strong></span> <span class='ocrx_word' id='word_1_200' title='bbox 1264 2576 1392 2642; x_wconf 81' lang='lat'>111‚5‚4:</span> 
     </span>
     <span class='ocr_line' id='line_1_22' title="bbox 162 2665 1392 2734; baseline 0.001 -17"><span class='ocrx_word' id='word_1_201' title='bbox 162 2665 248 2731; x_wconf 78' lang='lat' dir='ltr'><strong>tibae]</strong></span> <span class='ocrx_word' id='word_1_202' title='bbox 272 2681 359 2730; x_wconf 87' lang='lat' dir='ltr'><strong>„nouo</strong></span> <span class='ocrx_word' id='word_1_203' title='bbox 378 2666 432 2719; x_wconf 89' lang='lat' dir='ltr'><strong>und</strong></span> <span class='ocrx_word' id='word_1_204' title='bbox 450 2666 565 2734; x_wconf 88' lang='lat' dir='ltr'><strong>(darum)</strong></span> <span class='ocrx_word' id='word_1_205' title='bbox 583 2666 650 2721; x_wconf 91' lang='lat' dir='ltr'><strong>noch</strong></span> <span class='ocrx_word' id='word_1_206' title='bbox 667 2666 749 2720; x_wconf 82' lang='lat' dir='ltr'><strong>irisch</strong></span> <span class='ocrx_word' id='word_1_207' title='bbox 805 2707 820 2733; x_wconf 87' lang='lat'><strong>.‚</strong></span> <span class='ocrx_word' id='word_1_208' title='bbox 828 2667 995 2721; x_wconf 87' lang='lat' dir='ltr'><strong>abiectiorem</strong></span> <span class='ocrx_word' id='word_1_209' title='bbox 1013 2669 1042 2720; x_wconf 89' lang='lat' dir='ltr'><strong>et</strong></span> <span class='ocrx_word' id='word_1_210' title='bbox 1059 2666 1236 2720; x_wconf 80' lang='lat' dir='ltr'><strong>obsceniorem</strong></span> <span class='ocrx_word' id='word_1_211' title='bbox 1256 2666 1336 2719; x_wconf 84' lang='lat' dir='ltr'><strong>vitam</strong></span> <span class='ocrx_word' id='word_1_212' title='bbox 1350 2681 1392 2718; x_wconf 85' lang='lat' dir='ltr'><strong>sx-</strong></span> 
     </span>
     <span class='ocr_line' id='line_1_23' title="bbox 160 2752 1390 2823; baseline 0.002 -17"><span class='ocrx_word' id='word_1_213' title='bbox 160 2752 189 2806; x_wconf 93' lang='lat' dir='ltr'><strong>in</strong></span> <span class='ocrx_word' id='word_1_214' title='bbox 213 2753 259 2806; x_wconf 90' lang='lat' dir='ltr'><strong>dar</strong></span> <span class='ocrx_word' id='word_1_215' title='bbox 282 2753 476 2822; x_wconf 84' lang='lat' dir='ltr'><strong>Erinnerung“.</strong></span> <span class='ocrx_word' id='word_1_216' title='bbox 515 2753 640 2823; x_wconf 55' lang='lat' dir='ltr'><strong>emens:</strong></span> <span class='ocrx_word' id='word_1_217' title='bbox 666 2756 749 2810; x_wconf 75' lang='lat' dir='ltr'><strong>liltore</strong></span> <span class='ocrx_word' id='word_1_218' title='bbox 803 2756 888 2822; x_wconf 87' lang='lat' dir='ltr'><strong>sgit“.</strong></span> <span class='ocrx_word' id='word_1_219' title='bbox 913 2783 946 2794; x_wconf 89' lang='grc'><strong>-</strong></span> <span class='ocrx_word' id='word_1_220' title='bbox 970 2753 1157 2823; x_wconf 59' lang='lat' dir='ltr'><strong>admonstrare]</strong></span> <span class='ocrx_word' id='word_1_221' title='bbox 1180 2754 1245 2807; x_wconf 85' lang='lat' dir='ltr'><strong>wird</strong></span> <span class='ocrx_word' id='word_1_222' title='bbox 1267 2754 1295 2808; x_wconf 93' lang='lat' dir='ltr'><strong>in</strong></span> <span class='ocrx_word' id='word_1_223' title='bbox 1312 2752 1390 2808; x_wconf 88' lang='lat' dir='ltr'><strong>Verb.</strong></span> 
     </span>
     <span class='ocr_line' id='line_1_24' title="bbox 161 2842 1390 2914; baseline 0.002 -20"><span class='ocrx_word' id='word_1_224' title='bbox 161 2842 215 2896; x_wconf 87' lang='lat' dir='ltr'><strong>und</strong></span> <span class='ocrx_word' id='word_1_225' title='bbox 234 2843 288 2896; x_wconf 85' lang='lat' dir='ltr'><strong>fast</strong></span> <span class='ocrx_word' id='word_1_226' title='bbox 305 2859 465 2910; x_wconf 86' lang='lat' dir='ltr'><strong>vergessene.</strong></span> <span class='ocrx_word' id='word_1_227' title='bbox 803 2844 853 2897; x_wconf 90' lang='lat' dir='ltr'><strong>mit</strong></span> <span class='ocrx_word' id='word_1_228' title='bbox 880 2844 1027 2914; x_wconf 83' lang='lat' dir='ltr'><strong>persiinlich</strong></span> <span class='ocrx_word' id='word_1_229' title='bbox 1054 2843 1201 2912; x_wconf 82' lang='lat' dir='ltr'><strong>gedachten</strong></span> <span class='ocrx_word' id='word_1_230' title='bbox 1226 2843 1390 2897; x_wconf 84' lang='lat' dir='ltr'><strong>Abstrelrten</strong></span> 
     </span>
     <span class='ocr_line' id='line_1_25' title="bbox 198 2930 1391 3001; baseline 0.003 -19"><span class='ocrx_word' id='word_1_231' title='bbox 198 2944 221 2984; x_wconf 86' lang='lat' dir='ltr'><strong>e.</strong></span> <span class='ocrx_word' id='word_1_232' title='bbox 241 2930 282 2986; x_wconf 79' lang='lat' dir='ltr'><strong>bis</strong></span> <span class='ocrx_word' id='word_1_233' title='bbox 344 2931 507 3000; x_wconf 71' lang='lat' dir='ltr'><strong>saeterticm]</strong></span> <span class='ocrx_word' id='word_1_234' title='bbox 524 2933 566 2986; x_wconf 86' lang='lat' dir='ltr'><strong>bio</strong></span> <span class='ocrx_word' id='word_1_235' title='bbox 579 2932 748 2998; x_wconf 56' lang='lat' dir='ltr'><strong>millencort·</strong></span> <span class='ocrx_word' id='word_1_236' title='bbox 803 2933 864 2986; x_wconf 87' lang='lat' dir='ltr'><strong>sehr</strong></span> <span class='ocrx_word' id='word_1_237' title='bbox 882 2933 1013 3001; x_wconf 86' lang='lat' dir='ltr'><strong>vielseitig</strong></span> <span class='ocrx_word' id='word_1_238' title='bbox 1031 2933 1190 3001; x_wconf 79' lang='lat' dir='ltr'><strong>gebraucht;</strong></span> <span class='ocrx_word' id='word_1_239' title='bbox 1209 2933 1282 2986; x_wconf 89' lang='lat' dir='ltr'><strong>Hist.</strong></span> <span class='ocrx_word' id='word_1_240' title='bbox 1300 2931 1322 2992; x_wconf 84' lang='grc' dir='ltr'><strong>Ι,</strong></span> <span class='ocrx_word' id='word_1_241' title='bbox 1345 2933 1391 2985; x_wconf 79' lang='lat'><strong>17:</strong></span> 
     </span>
     <span class='ocr_line' id='line_1_26' title="bbox 161 3021 1391 3091; baseline 0.001 -18"><span class='ocrx_word' id='word_1_242' title='bbox 161 3025 225 3075; x_wconf 77' lang='lat' dir='ltr'><strong>tono</strong></span> <span class='ocrx_word' id='word_1_243' title='bbox 242 3021 334 3088; x_wconf 80' lang='lat' dir='ltr'><strong>milia)</strong></span> <span class='ocrx_word' id='word_1_244' title='bbox 351 3021 514 3087; x_wconf 64' lang='lat' dir='ltr'><strong>sataliam,</strong></span> <span class='ocrx_word' id='word_1_245' title='bbox 534 3022 587 3075; x_wconf 82' lang='lat'><strong>200</strong></span> <span class='ocrx_word' id='word_1_246' title='bbox 602 3022 680 3076; x_wconf 83' lang='lat' dir='ltr'><strong>beaw.</strong></span> <span class='ocrx_word' id='word_1_247' title='bbox 694 3022 748 3078; x_wconf 84' lang='lat'><strong>300</strong></span> <span class='ocrx_word' id='word_1_248' title='bbox 803 3021 1036 3088; x_wconf 79' lang='lat' dir='ltr'><strong>„circumsteterat</strong></span> <span class='ocrx_word' id='word_1_249' title='bbox 1059 3021 1166 3076; x_wconf 88' lang='lat' dir='ltr'><strong>interim</strong></span> <span class='ocrx_word' id='word_1_250' title='bbox 1188 3021 1320 3074; x_wconf 87' lang='lat' dir='ltr'><strong>Palatium</strong></span> <span class='ocrx_word' id='word_1_251' title='bbox 1345 3038 1391 3091; x_wconf 89' lang='lat' dir='ltr'><strong>pu·</strong></span> 
     </span>
     <span class='ocr_line' id='line_1_27' title="bbox 160 3108 1392 3182; baseline 0.002 -20"><span class='ocrx_word' id='word_1_252' title='bbox 160 3108 226 3163; x_wconf 88' lang='lat' dir='ltr'><strong>Mill.</strong></span> <span class='ocrx_word' id='word_1_253' title='bbox 247 3109 382 3162; x_wconf 85' lang='lat' dir='ltr'><strong>Sesterzen</strong></span> <span class='ocrx_word' id='word_1_254' title='bbox 401 3133 435 3154; x_wconf 85' lang='lat'><strong>==</strong></span> <span class='ocrx_word' id='word_1_255' title='bbox 453 3110 490 3164; x_wconf 80' lang='lat'><strong>35</strong></span> <span class='ocrx_word' id='word_1_256' title='bbox 508 3110 585 3163; x_wconf 83' lang='lat' dir='ltr'><strong>beaw.</strong></span> <span class='ocrx_word' id='word_1_257' title='bbox 609 3110 662 3179; x_wconf 61' lang='lat'><strong>52⁴,</strong></span> <span class='ocrx_word' id='word_1_258' title='bbox 680 3109 747 3164; x_wconf 89' lang='lat' dir='ltr'><strong>Mill.</strong></span> <span class='ocrx_word' id='word_1_259' title='bbox 803 3111 871 3164; x_wconf 83' lang='lat' dir='ltr'><strong>blica</strong></span> <span class='ocrx_word' id='word_1_260' title='bbox 894 3111 1056 3182; x_wconf 81' lang='lat' dir='ltr'><strong>exspectatio</strong></span> <span class='ocrx_word' id='word_1_261' title='bbox 1064 3112 1088 3166; x_wconf 81' lang='lat'><strong>“.</strong></span> <span class='ocrx_word' id='word_1_262' title='bbox 1124 3111 1169 3178; x_wconf 89' lang='lat' dir='ltr'><strong>IV,</strong></span> <span class='ocrx_word' id='word_1_263' title='bbox 1190 3112 1237 3165; x_wconf 79' lang='lat'><strong>79:</strong></span> <span class='ocrx_word' id='word_1_264' title='bbox 1263 3111 1392 3177; x_wconf 87' lang='lat' dir='ltr'><strong>„circum-</strong></span> 
     </span>
     <span class='ocr_line' id='line_1_28' title="bbox 160 3197 1390 3267; baseline 0.003 -17"><span class='ocrx_word' id='word_1_265' title='bbox 160 3197 243 3252; x_wconf 87' lang='lat' dir='ltr'><strong>Mark.</strong></span> <span class='ocrx_word' id='word_1_266' title='bbox 264 3226 297 3236; x_wconf 96' lang='lat'>—</span> <span class='ocrx_word' id='word_1_267' title='bbox 317 3215 483 3266; x_wconf 75' lang='lat' dir='ltr'><strong>quamquam</strong></span> <span class='ocrx_word' id='word_1_268' title='bbox 563 3198 677 3267; x_wconf 77' lang='lat' dir='ltr'><strong>secisse]</strong></span> <span class='ocrx_word' id='word_1_269' title='bbox 697 3199 749 3253; x_wconf 87' lang='lat' dir='ltr'><strong>Mit</strong></span> <span class='ocrx_word' id='word_1_270' title='bbox 805 3203 918 3254; x_wconf 84' lang='lat' dir='ltr'><strong>steterat</strong></span> <span class='ocrx_word' id='word_1_271' title='bbox 927 3200 1036 3255; x_wconf 84' lang='lat' dir='ltr'><strong>Civilem</strong></span> <span class='ocrx_word' id='word_1_272' title='bbox 1046 3203 1073 3254; x_wconf 88' lang='lat' dir='ltr'><strong>et</strong></span> <span class='ocrx_word' id='word_1_273' title='bbox 1083 3200 1151 3254; x_wconf 85' lang='lat' dir='ltr'><strong>alius</strong></span> <span class='ocrx_word' id='word_1_274' title='bbox 1160 3201 1282 3266; x_wconf 89' lang='lat' dir='ltr'><strong>motus“;</strong></span> <span class='ocrx_word' id='word_1_275' title='bbox 1296 3200 1390 3254; x_wconf 85' lang='lat' dir='ltr'><strong>ebcnso</strong></span> 
     </span>
     <span class='ocr_line' id='line_1_29' title="bbox 160 3285 1389 3356; baseline 0.003 -18"><span class='ocrx_word' id='word_1_276' title='bbox 160 3285 245 3339; x_wconf 88' lang='lat' dir='ltr'><strong>dieser</strong></span> <span class='ocrx_word' id='word_1_277' title='bbox 269 3286 428 3341; x_wconf 88' lang='lat' dir='ltr'><strong>Parenthesa</strong></span> <span class='ocrx_word' id='word_1_278' title='bbox 456 3288 573 3342; x_wconf 87' lang='lat' dir='ltr'><strong>orinnert</strong></span> <span class='ocrx_word' id='word_1_279' title='bbox 600 3287 631 3341; x_wconf 82' lang='grc' dir='ltr'><strong>Α.</strong></span> <span class='ocrx_word' id='word_1_280' title='bbox 657 3289 747 3354; x_wconf 85' lang='lat' dir='ltr'><strong>daron,</strong></span> <span class='ocrx_word' id='word_1_281' title='bbox 803 3288 900 3356; x_wconf 86' lang='lat' dir='ltr'><strong>Cicero,</strong></span> <span class='ocrx_word' id='word_1_282' title='bbox 915 3290 982 3344; x_wconf 89' lang='lat' dir='ltr'><strong>Phil.</strong></span> <span class='ocrx_word' id='word_1_283' title='bbox 991 3290 1023 3356; x_wconf 90' lang='lat' dir='ltr'><strong>X,</strong></span> <span class='ocrx_word' id='word_1_284' title='bbox 1036 3290 1082 3343; x_wconf 89' lang='lat'><strong>10:</strong></span> <span class='ocrx_word' id='word_1_285' title='bbox 1099 3289 1175 3356; x_wconf 87' lang='lat' dir='ltr'><strong>„fata</strong></span> <span class='ocrx_word' id='word_1_286' title='bbox 1183 3289 1389 3355; x_wconf 89' lang='lat' dir='ltr'><strong>circumstent“;</strong></span> 
     </span>
     <span class='ocr_line' id='line_1_30' title="bbox 160 3373 1389 3446; baseline 0.003 -19"><span class='ocrx_word' id='word_1_287' title='bbox 160 3373 219 3428; x_wconf 83' lang='lat' dir='ltr'><strong>dass</strong></span> <span class='ocrx_word' id='word_1_288' title='bbox 242 3375 289 3428; x_wconf 73' lang='lat' dir='ltr'><strong>cler</strong></span> <span class='ocrx_word' id='word_1_289' title='bbox 306 3375 446 3429; x_wconf 89' lang='lat' dir='ltr'><strong>Reichtum</strong></span> <span class='ocrx_word' id='word_1_290' title='bbox 465 3377 521 3430; x_wconf 89' lang='lat' dir='ltr'><strong>eina</strong></span> <span class='ocrx_word' id='word_1_291' title='bbox 540 3376 625 3443; x_wconf 89' lang='lat' dir='ltr'><strong>(nicht</strong></span> <span class='ocrx_word' id='word_1_292' title='bbox 643 3393 674 3430; x_wconf 85' lang='lat' dir='ltr'><strong>nu</strong></span> <span class='ocrx_word' id='word_1_293' title='bbox 693 3394 748 3431; x_wconf 83' lang='lat' dir='ltr'><strong>vor·</strong></span> <span class='ocrx_word' id='word_1_294' title='bbox 802 3377 898 3438; x_wconf 81' lang='lat' dir='ltr'><strong>Seneca</strong></span> <span class='ocrx_word' id='word_1_295' title='bbox 923 3396 948 3433; x_wconf 93' lang='lat' dir='ltr'><strong>u.</strong></span> <span class='ocrx_word' id='word_1_296' title='bbox 974 3395 997 3432; x_wconf 88' lang='lat' dir='ltr'><strong>a.</strong></span> <span class='ocrx_word' id='word_1_297' title='bbox 1035 3378 1094 3446; x_wconf 88' lang='lat' dir='ltr'><strong>Vgl.</strong></span> <span class='ocrx_word' id='word_1_298' title='bbox 1119 3377 1199 3431; x_wconf 84' lang='lat' dir='ltr'><strong>Thuc.</strong></span> <span class='ocrx_word' id='word_1_299' title='bbox 1225 3377 1261 3444; x_wconf 84' lang='lat' dir='ltr'><strong>V,</strong></span> <span class='ocrx_word' id='word_1_300' title='bbox 1287 3378 1334 3443; x_wconf 77' lang='lat'><strong>73,</strong></span> <span class='ocrx_word' id='word_1_301' title='bbox 1360 3377 1389 3431; x_wconf 91' lang='lat'><strong>1:</strong></span> 
     </span>
     <span class='ocr_line' id='line_1_31' title="bbox 159 3463 1389 3540; baseline 0.003 -24"><span class='ocrx_word' id='word_1_302' title='bbox 159 3463 298 3529; x_wconf 84' lang='lat' dir='ltr'><strong>aehtende)</strong></span> <span class='ocrx_word' id='word_1_303' title='bbox 316 3463 496 3518; x_wconf 84' lang='lat' dir='ltr'><strong>Nebenfrucht</strong></span> <span class='ocrx_word' id='word_1_304' title='bbox 508 3465 554 3518; x_wconf 86' lang='lat' dir='ltr'><strong>das</strong></span> <span class='ocrx_word' id='word_1_305' title='bbox 568 3465 684 3520; x_wconf 79' lang='lat' dir='ltr'><strong>Ruhmes</strong></span> <span class='ocrx_word' id='word_1_306' title='bbox 703 3466 750 3520; x_wconf 85' lang='lat' dir='ltr'><strong>auf</strong></span> <span class='ocrx_word' id='word_1_307' title='bbox 803 3469 1002 3540; x_wconf 74' lang='grc' dir='ltr'><em>ἀμφοτέρωθεν</em></span> <span class='ocrx_word' id='word_1_308' title='bbox 1025 3469 1125 3527; x_wconf 82' lang='grc' dir='ltr'><em>αὐτοὺς</em></span> <span class='ocrx_word' id='word_1_309' title='bbox 1143 3467 1270 3527; x_wconf 64' lang='grc' dir='ltr'><strong>κίνδυνος</strong></span> <span class='ocrx_word' id='word_1_310' title='bbox 1289 3485 1389 3540; x_wconf 78' lang='grc' dir='ltr'><em>περιει-</em></span> 
     </span>
     <span class='ocr_line' id='line_1_32' title="bbox 159 3551 1392 3622; baseline 0.002 -17"><span class='ocrx_word' id='word_1_311' title='bbox 159 3551 219 3606; x_wconf 90' lang='lat' dir='ltr'><strong>dem</strong></span> <span class='ocrx_word' id='word_1_312' title='bbox 232 3552 321 3606; x_wconf 88' lang='lat' dir='ltr'><strong>Boden</strong></span> <span class='ocrx_word' id='word_1_313' title='bbox 337 3553 384 3606; x_wconf 90' lang='lat' dir='ltr'><strong>dar</strong></span> <span class='ocrx_word' id='word_1_314' title='bbox 397 3554 595 3607; x_wconf 85' lang='lat' dir='ltr'><strong>Bersdsamlrait</strong></span> <span class='ocrx_word' id='word_1_315' title='bbox 609 3555 654 3620; x_wconf 92' lang='lat' dir='ltr'><strong>sei,</strong></span> <span class='ocrx_word' id='word_1_316' title='bbox 673 3554 748 3608; x_wconf 92' lang='lat' dir='ltr'><strong>nicht</strong></span> <span class='ocrx_word' id='word_1_317' title='bbox 803 3558 900 3622; x_wconf 77' lang='grc' dir='ltr'><em>στήκει.</em></span> <span class='ocrx_word' id='word_1_318' title='bbox 925 3584 960 3593; x_wconf 92' lang='grc'><strong>-</strong></span> <span class='ocrx_word' id='word_1_319' title='bbox 984 3555 1139 3621; x_wconf 78' lang='lat' dir='ltr'><strong>nascentes]</strong></span> <span class='ocrx_word' id='word_1_320' title='bbox 1158 3558 1226 3608; x_wconf 85' lang='lat' dir='ltr'><strong>etwa</strong></span> <span class='ocrx_word' id='word_1_321' title='bbox 1244 3572 1300 3622; x_wconf 85' lang='lat' dir='ltr'><strong>„an</strong></span> <span class='ocrx_word' id='word_1_322' title='bbox 1319 3555 1392 3608; x_wconf 81' lang='lat' dir='ltr'><strong>ihrer</strong></span> 
     </span>
     <span class='ocr_line' id='line_1_33' title="bbox 159 3641 1390 3713; baseline 0.003 -19"><span class='ocrx_word' id='word_1_323' title='bbox 159 3641 221 3694; x_wconf 85' lang='lat' dir='ltr'><strong>eber</strong></span> <span class='ocrx_word' id='word_1_324' title='bbox 235 3641 319 3695; x_wconf 89' lang='lat' dir='ltr'><strong>selbst</strong></span> <span class='ocrx_word' id='word_1_325' title='bbox 332 3641 421 3695; x_wconf 86' lang='lat' dir='ltr'><strong>Ruhm</strong></span> <span class='ocrx_word' id='word_1_326' title='bbox 435 3642 583 3696; x_wconf 82' lang='lat' dir='ltr'><strong>verschaiie.</strong></span> <span class='ocrx_word' id='word_1_327' title='bbox 598 3671 632 3682; x_wconf 89' lang='lat'><strong>—-</strong></span> <span class='ocrx_word' id='word_1_328' title='bbox 646 3660 748 3698; x_wconf 73' lang='lat' dir='ltr'><strong>namn</strong></span> <span class='ocrx_word' id='word_1_329' title='bbox 801 3643 923 3713; x_wconf 84' lang='lat' dir='ltr'><strong>Wisge“.</strong></span> <span class='ocrx_word' id='word_1_330' title='bbox 939 3673 973 3684; x_wconf 94' lang='lat'><em>-</em></span> <span class='ocrx_word' id='word_1_331' title='bbox 987 3645 1045 3698; x_wconf 75' lang='lat' dir='ltr'><strong>sine</strong></span> <span class='ocrx_word' id='word_1_332' title='bbox 1059 3644 1292 3698; x_wconf 76' lang='lat' dir='ltr'><strong>commendatione</strong></span> <span class='ocrx_word' id='word_1_333' title='bbox 1306 3649 1390 3699; x_wconf 78' lang='lat' dir='ltr'><strong>noto-</strong></span> 
     </span>
     <span class='ocr_line' id='line_1_34' title="bbox 159 3729 1393 3803; baseline 0.002 -20"><span class='ocrx_word' id='word_1_334' title='bbox 159 3731 379 3798; x_wconf 80' lang='lat' dir='ltr'><strong>etcaelestisvis]</strong></span> <span class='ocrx_word' id='word_1_335' title='bbox 395 3729 747 3786; x_wconf 76' lang='lat' dir='ltr'><strong>Gdtterwaltonundhimm·</strong></span> <span class='ocrx_word' id='word_1_336' title='bbox 801 3732 881 3801; x_wconf 77' lang='lat' dir='ltr'><strong>liam]</strong></span> <span class='ocrx_word' id='word_1_337' title='bbox 902 3733 972 3786; x_wconf 76' lang='lat' dir='ltr'><strong>sunl.</strong></span> <span class='ocrx_word' id='word_1_338' title='bbox 992 3732 1043 3787; x_wconf 87' lang='lat' dir='ltr'><strong>Cio.</strong></span> <span class='ocrx_word' id='word_1_339' title='bbox 1062 3733 1139 3786; x_wconf 89' lang='lat' dir='ltr'><strong>Brut.</strong></span> <span class='ocrx_word' id='word_1_340' title='bbox 1159 3733 1207 3787; x_wconf 82' lang='lat'><strong>96:</strong></span> <span class='ocrx_word' id='word_1_341' title='bbox 1228 3733 1325 3799; x_wconf 90' lang='lat' dir='ltr'><strong>„homo</strong></span> <span class='ocrx_word' id='word_1_342' title='bbox 1344 3749 1393 3803; x_wconf 88' lang='lat' dir='ltr'><strong>por</strong></span> 
     </span>
     <span class='ocr_line' id='line_1_35' title="bbox 159 3817 1392 3891; baseline 0.005 -21"><span class='ocrx_word' id='word_1_343' title='bbox 159 3817 240 3870; x_wconf 92' lang='lat' dir='ltr'><strong>lisoho</strong></span> <span class='ocrx_word' id='word_1_344' title='bbox 254 3817 353 3872; x_wconf 86' lang='lat' dir='ltr'><strong>Macht.</strong></span> <span class='ocrx_word' id='word_1_345' title='bbox 373 3847 403 3856; x_wconf 93' lang='lat'>-</span> <span class='ocrx_word' id='word_1_346' title='bbox 425 3817 552 3886; x_wconf 77' lang='lat' dir='ltr'><strong>fortcma]</strong></span> <span class='ocrx_word' id='word_1_347' title='bbox 572 3820 662 3886; x_wconf 89' lang='lat' dir='ltr'><strong>„hohe</strong></span> <span class='ocrx_word' id='word_1_348' title='bbox 680 3819 747 3874; x_wconf 84' lang='lat' dir='ltr'><strong>Stel·</strong></span> <span class='ocrx_word' id='word_1_349' title='bbox 801 3839 829 3876; x_wconf 90' lang='lat' dir='ltr'><strong>se</strong></span> <span class='ocrx_word' id='word_1_350' title='bbox 847 3823 983 3891; x_wconf 82' lang='lat' dir='ltr'><strong>cognitus,</strong></span> <span class='ocrx_word' id='word_1_351' title='bbox 1010 3823 1064 3876; x_wconf 86' lang='lat' dir='ltr'><strong>sino</strong></span> <span class='ocrx_word' id='word_1_352' title='bbox 1089 3822 1144 3876; x_wconf 86' lang='lat' dir='ltr'><strong>ulla</strong></span> <span class='ocrx_word' id='word_1_353' title='bbox 1168 3822 1392 3876; x_wconf 78' lang='lat' dir='ltr'><strong>commendatione</strong></span> 
     </span>
     <span class='ocr_line' id='line_1_36' title="bbox 159 3906 1389 3978; baseline 0.004 -19"><span class='ocrx_word' id='word_1_354' title='bbox 159 3906 255 3974; x_wconf 87' lang='lat' dir='ltr'><strong>lung“.</strong></span> <span class='ocrx_word' id='word_1_355' title='bbox 800 3912 957 3966; x_wconf 83' lang='lat' dir='ltr'><strong>maiorum“.</strong></span> <span class='ocrx_word' id='word_1_356' title='bbox 994 3911 1053 3966; x_wconf 77' lang='lat' dir='ltr'><strong>(lat.</strong></span> <span class='ocrx_word' id='word_1_357' title='bbox 1072 3911 1095 3978; x_wconf 92' lang='lat'><strong>1,</strong></span> <span class='ocrx_word' id='word_1_358' title='bbox 1114 3912 1162 3966; x_wconf 81' lang='lat'><strong>28:</strong></span> <span class='ocrx_word' id='word_1_359' title='bbox 1183 3913 1279 3978; x_wconf 65' lang='lat' dir='ltr'><strong>„ulida</strong></span> <span class='ocrx_word' id='word_1_360' title='bbox 1297 3927 1389 3966; x_wconf 86' lang='lat' dir='ltr'><strong>comm.</strong></span> 
     </span>
     <span class='ocr_line' id='line_1_37' title="bbox 200 3997 957 4066; baseline 0.011 -18"><span class='ocrx_word' id='word_1_361' title='bbox 200 4008 237 4050; x_wconf 81' lang='lat' dir='ltr'><strong>lo.</strong></span> <span class='ocrx_word' id='word_1_362' title='bbox 256 3997 408 4064; x_wconf 74' lang='lat' dir='ltr'><strong>spectando</strong></span> <span class='ocrx_word' id='word_1_363' title='bbox 425 3998 596 4066; x_wconf 68' lang='lat' dir='ltr'><strong>haberemus]</strong></span> <span class='ocrx_word' id='word_1_364' title='bbox 615 4023 649 4043; x_wconf 86' lang='lat'><strong>==</strong></span> <span class='ocrx_word' id='word_1_365' title='bbox 667 4000 746 4055; x_wconf 79' lang='lat' dir='ltr'><strong>cobis</strong></span> <span class='ocrx_word' id='word_1_366' title='bbox 800 4001 957 4056; x_wconf 87' lang='lat' dir='ltr'><strong>maiorum“.</strong></span> 
     </span>
     <span class='ocr_line' id='line_1_38' title="bbox 159 4085 1390 4158; baseline 0.003 -20"><span class='ocrx_word' id='word_1_367' title='bbox 159 4089 252 4152; x_wconf 73' lang='lat' dir='ltr'><strong>masat,</strong></span> <span class='ocrx_word' id='word_1_368' title='bbox 274 4085 353 4151; x_wconf 80' lang='lat' dir='ltr'><strong>„dass</strong></span> <span class='ocrx_word' id='word_1_369' title='bbox 368 4087 414 4140; x_wconf 86' lang='lat' dir='ltr'><strong>wir</strong></span> <span class='ocrx_word' id='word_1_370' title='bbox 486 4087 632 4154; x_wconf 81' lang='lat' dir='ltr'><strong>kdnnten“‚</strong></span> <span class='ocrx_word' id='word_1_371' title='bbox 650 4089 746 4157; x_wconf 84' lang='lat' dir='ltr'><strong>gleich-</strong></span> <span class='ocrx_word' id='word_1_372' title='bbox 841 4103 880 4144; x_wconf 83' lang='lat' dir='ltr'><strong>lo.</strong></span> <span class='ocrx_word' id='word_1_373' title='bbox 899 4091 1056 4145; x_wconf 69' lang='lat' dir='ltr'><strong>moerentia</strong></span> <span class='ocrx_word' id='word_1_374' title='bbox 1075 4088 1254 4158; x_wconf 79' lang='lat' dir='ltr'><strong>facultatem]</strong></span> <span class='ocrx_word' id='word_1_375' title='bbox 1276 4089 1313 4142; x_wconf 90' lang='lat' dir='ltr'><strong>ist</strong></span> <span class='ocrx_word' id='word_1_376' title='bbox 1331 4088 1390 4142; x_wconf 87' lang='lat' dir='ltr'><strong>eine</strong></span> 
     </span>
     <span class='ocr_line' id='line_1_39' title="bbox 159 4174 1388 4249; baseline 0.004 -23"><span class='ocrx_word' id='word_1_377' title='bbox 159 4189 215 4227; x_wconf 88' lang='lat' dir='ltr'><strong>som</strong></span> <span class='ocrx_word' id='word_1_378' title='bbox 233 4174 299 4228; x_wconf 89' lang='lat' dir='ltr'><strong>nach</strong></span> <span class='ocrx_word' id='word_1_379' title='bbox 318 4174 376 4228; x_wconf 89' lang='lat' dir='ltr'><strong>dem</strong></span> <span class='ocrx_word' id='word_1_380' title='bbox 395 4175 492 4230; x_wconf 87' lang='lat' dir='ltr'><strong>Willen</strong></span> <span class='ocrx_word' id='word_1_381' title='bbox 517 4177 575 4242; x_wconf 84' lang='lat' dir='ltr'><strong>der,</strong></span> <span class='ocrx_word' id='word_1_382' title='bbox 599 4177 745 4248; x_wconf 82' lang='lat' dir='ltr'><strong>persdnlich</strong></span> <span class='ocrx_word' id='word_1_383' title='bbox 799 4179 1166 4249; x_wconf 82' lang='lat' dir='ltr'><strong>juristisoheRedewendung.</strong></span> <span class='ocrx_word' id='word_1_384' title='bbox 1178 4179 1388 4233; x_wconf 77' lang='lat' dir='ltr'><strong>—lsobitucor·</strong></span> 
     </span>
     <span class='ocr_line' id='line_1_40' title="bbox 159 4255 1389 4338; baseline 0.003 -22"><span class='ocrx_word' id='word_1_385' title='bbox 159 4262 317 4332; x_wconf 82' lang='lat' dir='ltr'><strong>gedachten,</strong></span> <span class='ocrx_word' id='word_1_386' title='bbox 337 4265 497 4333; x_wconf 76' lang='lat' dir='ltr'><strong>eloquentia.</strong></span> <span class='ocrx_word' id='word_1_387' title='bbox 518 4295 550 4304; x_wconf 93' lang='lat'>—</span> <span class='ocrx_word' id='word_1_388' title='bbox 570 4267 619 4320; x_wconf 88' lang='lat' dir='ltr'><strong>Dio</strong></span> <span class='ocrx_word' id='word_1_389' title='bbox 638 4267 746 4322; x_wconf 81' lang='lat' dir='ltr'><strong>Verbin·</strong></span> <span class='ocrx_word' id='word_1_390' title='bbox 796 4269 876 4338; x_wconf 67' lang='lat' dir='ltr'><strong>ports</strong></span> <span class='ocrx_word' id='word_1_391' title='bbox 894 4266 1073 4338; x_wconf 74' lang='lat' dir='ltr'><strong>contemptus]</strong></span> <span class='ocrx_word' id='word_1_392' title='bbox 1092 4267 1175 4322; x_wconf 82' lang='lat' dir='ltr'><strong>durch</strong></span> <span class='ocrx_word' id='word_1_393' title='bbox 1194 4268 1249 4320; x_wconf 88' lang='lat' dir='ltr'><strong>sein</strong></span> <span class='ocrx_word' id='word_1_394' title='bbox 1264 4255 1389 4320; x_wconf 60' lang='lat' dir='ltr'><strong>dulcores</strong></span> 
     </span>
     <span class='ocr_line' id='line_1_41' title="bbox 159 4352 1387 4424; baseline 0 -16"><span class='ocrx_word' id='word_1_395' title='bbox 159 4352 232 4422; x_wconf 83' lang='lat' dir='ltr'><strong>dung</strong></span> <span class='ocrx_word' id='word_1_396' title='bbox 250 4353 295 4408; x_wconf 88' lang='lat' dir='ltr'><strong>das</strong></span> <span class='ocrx_word' id='word_1_397' title='bbox 310 4352 450 4409; x_wconf 84' lang='lat' dir='ltr'><strong>Gerundiui</strong></span> <span class='ocrx_word' id='word_1_398' title='bbox 466 4356 505 4409; x_wconf 89' lang='lat' dir='ltr'><strong>als</strong></span> <span class='ocrx_word' id='word_1_399' title='bbox 520 4355 745 4413; x_wconf 81' lang='lat' dir='ltr'><strong>Pridikatsaceus.</strong></span> <span class='ocrx_word' id='word_1_400' title='bbox 800 4358 973 4424; x_wconf 77' lang='lat' dir='ltr'><strong>verdchtliclr;</strong></span> <span class='ocrx_word' id='word_1_401' title='bbox 999 4358 1054 4411; x_wconf 89' lang='lat' dir='ltr'><strong>bez.</strong></span> <span class='ocrx_word' id='word_1_402' title='bbox 1079 4357 1135 4410; x_wconf 90' lang='lat' dir='ltr'><strong>sich</strong></span> <span class='ocrx_word' id='word_1_403' title='bbox 1160 4356 1228 4410; x_wconf 87' lang='lat' dir='ltr'><strong>wohl</strong></span> <span class='ocrx_word' id='word_1_404' title='bbox 1252 4357 1299 4412; x_wconf 86' lang='lat' dir='ltr'><strong>aul</strong></span> <span class='ocrx_word' id='word_1_405' title='bbox 1319 4356 1387 4410; x_wconf 84' lang='lat' dir='ltr'><strong>Mar·</strong></span> 
     </span>
    </p>
   </div>
   <div class='ocr_carea' id='block_1_4' title="bbox 0 0 1554 4862">
    <p class='ocr_par' dir='ltr' id='par_1_4' title="bbox 0 0 1554 4862">
     <span class='ocr_line' id='line_1_42' title="bbox 0 0 1554 4862; baseline 0 1"><span class='ocrx_word' id='word_1_406' title='bbox 0 0 1554 4862; x_wconf 95' lang='lat' dir='ltr'><strong> </strong></span> 
     </span>
    </p>
   </div>
  </div>
 </body>
</html>
