3092 4878
132 356 168 419 w
639 356 751 412 Cornelii
769 356 853 410 Taciti

133 519 234 599 credo,
257 539 297 584 ne
321 519 439 584 multos
464 517 646 596 offenderet,
670 518 698 582 si
720 536 837 601 paucos
862 517 1079 600 excerpsisset.
1127 516 1251 596 Quotus
1275 518 1363 583 enim

91 647 121 688 ao
134 627 269 710 quisque
300 625 562 690 scholasticorum
590 642 653 687 non
683 624 744 688 hac
772 642 831 688 sua
861 625 1066 706 persuasione
1097 623 1229 701 fruitur,
1260 627 1297 689 ut
1327 643 1362 690 se

134 737 207 798 ante
237 732 420 798 Ciceronem
449 733 611 808 numeret,
642 730 698 794 sed
726 731 820 813 plane
850 733 923 814 post
947 729 1184 796 Gabinianum?
1230 733 1274 796 nt
1303 751 1362 813 ego

132 859 196 904 non
219 840 350 904 verebor
377 839 542 902 nominare
573 838 730 919 singulos,
761 856 823 919 quo
853 837 978 902 facilius
1008 839 1178 921 propositis
1208 839 1362 921 exemplis

134 946 295 1029 adpareat,
319 945 434 1027 quibus
458 944 610 1026 gradibus
634 943 736 1008 fracta
760 944 802 1007 sit
826 945 858 1007 et
882 944 1049 1008 deminuta
1073 945 1281 1026 eloquentia‘·

81 1057 122 1117 27
223 1052 366 1130 ,‚Parce“
390 1052 496 1133 inquit
518 1051 684 1115 Maternus
708 1052 764 1127 „et
786 1049 892 1132 potius
917 1050 1041 1115 exsolve
1063 1052 1266 1133 promissum.
1297 1051 1363 1115 Ne·

135 1178 196 1241 que
221 1159 306 1223 enirn
328 1159 388 1222 hoo
412 1157 517 1239 colligi
539 1157 771 1233 desideramus,
795 1156 976 1221 disertiores
1001 1175 1070 1221 esse
1095 1157 1252 1239 antiquos,
1277 1157 1363 1239 quod

135 1266 219 1348 apud
242 1283 293 1329 me
319 1264 446 1346 quidem
470 1265 503 1328 in
527 1262 670 1328 confesso
694 1266 754 1341 est,
777 1263 832 1327 sed
857 1282 969 1327 causas
994 1263 1199 1345 exquirimus
1224 1283 1304 1346 quas
1328 1266 1361 1328 te

135 1372 265 1436 solitum
289 1372 427 1434 tractare
455 1370 550 1453 paulo
580 1372 654 1434 ante
686 1368 809 1447 dixisti,
838 1369 931 1452 plane
961 1370 1070 1433 mitior
1100 1355 1132 1433 et
1162 1370 1362 1451 eloquentiae

110 1480 314 1561 stemporum
337 1479 519 1542 nestrorum
542 1477 648 1541 minus
672 1477 790 1554 iratus,
821 1478 994 1558 antequam
1016 1477 1049 1540 te
1072 1478 1158 1559 Aper
1187 1475 1362 1542 offenderet

134 1584 269 1650 maiores
293 1586 365 1648 tuos
389 1583 602 1649 lacessendo.“

224 1691 317 1768 „Non
342 1696 435 1755 sum“
459 1691 565 1772 inquit
591 1688 754 1768 „offensus
777 1689 855 1772 Apri
877 1689 941 1753 mei
964 1689 1194 1772 disputatione,
1224 1708 1283 1754 neo
1307 1708 1362 1755 vos

135 1885 286 1955 accepere]
312 1885 440 1954 kreftiger
458 1885 497 1938 als
516 1885 641 1954 excipere
659 1886 721 1939 oder
775 1883 950 1938 comminutus
969 1886 1011 1937 est
1029 1885 1088 1951 („in
1103 1884 1188 1938 kleine
1200 1883 1296 1939 Stdcle
1311 1902 1364 1939 zer·

135 1976 239 2044 eripere.
276 1974 328 2029 cic.
348 1974 389 2028 off.
408 1973 461 2040 111,
481 1975 511 2028 3:
541 1991 613 2040 „non
637 1974 721 2028 solum
774 1973 928 2038 brochen“).

135 2080 166 2118 ex
184 2063 260 2117 malis
279 2064 374 2132 eligere
392 2063 500 2116 minima
518 2065 650 2133 oportere,
676 2063 722 2116 sed

136 2153 214 2206 etiam
229 2169 362 2223 excerpere
376 2169 407 2206 ex
425 2152 490 2222 ipsis
509 2152 530 2206 ai
547 2151 610 2222 quid
623 2152 722 2206 inesset
812 2149 889 2219 Kap.
919 2150 969 2206 27.
1020 2151 1119 2220 Poa'ce]
1152 2169 1186 2206 ac.
1218 2153 1364 2207 nominare

136 2242 225 2296 boni“.
243 2271 274 2280 -
290 2242 354 2296 Zum
364 2239 505 2296 Gedanlren
520 2240 570 2310 vgl.
581 2239 633 2296 Cic.
643 2240 720 2296 Brut.
775 2241 911 2310 stapulas,
941 2241 1030 2308 „lassa
1055 2241 1102 2294 das
1130 2246 1180 2310 gut
1202 2242 1287 2295 sein“.
1329 2241 1364 2295 So

136 2332 202 2386 231:
226 2332 329 2400 „vereri
347 2333 374 2386 te
393 2332 522 2399 arbitror,
547 2349 579 2385 no
604 2349 650 2402 per
674 2347 722 2386 nos
775 2328 848 2395 wad,
863 2329 1023 2383 namentlich
1037 2329 1080 2383 bei
1093 2330 1229 2396 Dichteru,
1247 2329 1293 2384 der
1306 2346 1364 2400 pro-

135 2419 178 2473 hic
197 2437 281 2474 sermo
299 2424 362 2474 tuus
381 2424 485 2475 emanet
502 2424 530 2475 et
548 2422 572 2475 ei
591 2421 641 2475 tibi
666 2438 722 2476 sua·
775 2418 886 2472 bibitive
904 2418 1047 2489 Imperativ
1066 2419 1149 2473 durch
1172 2419 1253 2489 sape,
1278 2420 1363 2488 mitte,

136 2512 273 2576 censeant,
293 2527 358 2580 quos
376 2510 574 2580 praeterieris“.
777 2509 877 2564 obstem
895 2524 916 2561 c.
935 2507 984 2561 Inf.
1004 2508 1191 2563 umachrieben.

174 2609 213 2652 oo.
220 2598 413 2667 persuasione]
421 2598 622 2668 „Einbildung“.
632 2599 721 2666 Quint.
812 2598 844 2652 ia
862 2596 985 2663 confesso
1003 2597 1054 2666 est]
1074 2615 1095 2652 s.
1115 2598 1157 2664 25,
1179 2599 1202 2651 6.

135 2686 171 2753 H,
190 2688 215 2753 2,
235 2687 281 2741 12:
306 2688 388 2754 „hinc
407 2691 540 2742 tumeret
559 2689 674 2743 vanade
694 2705 722 2743 se
814 2699 837 2740 a.
862 2687 990 2753 maiores]
1019 2687 1152 2741 vielleicht
1175 2687 1225 2742 mit
1250 2687 1365 2742 absioht·

135 2775 304 2846 persuasio“;
328 2775 402 2843 VIII,
422 2777 446 2843 2,
466 2777 514 2830 21:
534 2778 722 2848 „pervasitque
776 2775 870 2828 lichem
890 2774 1053 2845 Doppelsinn
1070 2777 1227 2844 gebraucht‚
1252 2777 1286 2830 da
1303 2793 1364 2831 man

135 2864 186 2918 iarn
214 2864 312 2919 multos
338 2864 392 2918 ista
419 2866 584 2935 persuasio“.
613 2895 646 2906 —-
674 2866 722 2921 aad
776 2863 899 2918 mitBez.
918 2865 965 2918 auf
980 2865 1055 2931 25,6
1076 2865 1220 2936 „antiquos
1239 2867 1292 2919 sive
1311 2883 1363 2920 ma·

132 2953 219 3022 pleae
234 2959 299 3022 pest
318 2953 522 3022 Gabinianum]
548 2955 633 3022 „aber
655 2972 721 3024 gana
776 2953 864 3007 iores“
890 2970 923 3006 an
948 2953 989 3007 die
1014 2953 1136 3020 „Alten“
1162 2955 1261 3009 denken
1285 2956 1362 3022 kann,

137 3042 325 3097 unbedenlrlich
348 3043 437 3097 hinter
461 3041 519 3098 G.“.
559 3045 606 3098 Die
631 3044 722 3099 Schul-
777 3042 894 3112 angleich
921 3043 983 3096 aber
1010 3044 1078 3097 auch
1105 3045 1147 3098 ein
1174 3044 1293 3098 Hinweis
1321 3043 1367 3098 auf

135 3131 228 3186 redncr
253 3132 374 3186 stimmon
399 3134 497 3188 sowohl
521 3134 548 3188 iu
575 3133 621 3187 der
645 3134 722 3189 hoch-
776 3133 913 3186 Messallae
931 3132 1045 3187 Vorlahr
1063 3134 1116 3200 (20,
1131 3134 1161 3198 2;
1181 3134 1224 3201 2l,
1239 3135 1284 3198 38)
1304 3134 1364 3188 sehr

135 3221 253 3289 mlitigen
280 3221 511 3292 Unterschlttznng
538 3222 653 3287 Ciceros,
682 3224 722 3278 als
776 3222 843 3276 nulle
867 3221 940 3290 liegt.
977 3221 1043 3277 Dals
1067 3222 1146 3277 Meas.
1167 3222 1221 3276 sich
1248 3222 1364 3276 dadnrch

136 3310 202 3363 auch
226 3310 253 3363 in
277 3310 482 3378 gedankenleser
504 3301 722 3378 llberschatzung
776 3311 906 3380 gekrdnlrt
924 3310 1014 3365 llihlen
1032 3312 1141 3380 lenate,
1167 3312 1205 3365 ist
1228 3312 1302 3366 nicht
1320 3329 1364 3367 an·

135 3397 182 3451 der
205 3415 317 3452 neueren
340 3399 550 3466 Beredsamlreit‚
575 3400 621 3455 des
645 3399 722 3456 Gabi·
777 3399 927 3454 aunebmen.

136 3485 195 3540 nius
218 3486 254 3541 im
277 3487 449 3555 besonderen,
474 3489 588 3543 liberein.
630 3490 722 3545 Dieser
812 3488 917 3556 inquit]
936 3487 1022 3541 find0¹1
1038 3488 1085 3542 wir
1099 3489 1145 3555 Osi,
1165 3490 1231 3543 auch
1246 3490 1287 3544 bei
1302 3489 1363 3552 Cic--

135 3573 161 3629 S.
180 3573 267 3629 Julius
287 3573 366 3642 Gab,
391 3577 434 3630 ein
452 3577 618 3633 Landsmann
638 3579 722 3634 seinea
776 3577 804 3631 in
823 3575 1035 3642 Wechsclreden‚
1055 3576 1121 3630 ohne
1140 3577 1198 3631 dale
1217 3577 1263 3632 der
1281 3577 1364 3632 Nauae

135 3663 276 3718 Verehrers
290 3665 370 3735 Aper,
388 3682 441 3719 war
455 3667 578 3736 librigens
592 3667 634 3722 ein
648 3668 723 3723 nicht
777 3665 822 3719 des
840 3666 908 3742 betr.
927 3663 1045 3718 Redners
1065 3665 1193 3733 jedesmal
1213 3667 1364 3721 wiederholt

136 3751 349 3808 unbodeutender
372 3753 480 3809 Rhetor.
507 3787 541 3794 —
570 3756 622 3810 Zur
647 3757 722 3812 Wen·
777 3753 854 3819 wird;
885 3752 1031 3820 natiirlich,
1060 3770 1133 3808 wenn
1162 3755 1221 3809 lrein
1246 3755 1365 3810 Miserer-

137 3841 209 3910 dung
231 3858 259 3896 ee
283 3848 348 3898 uate
374 3841 401 3898 C.
426 3850 549 3900 numeret
574 3846 626 3914 vgl.
649 3845 721 3900 Hist
778 3841 1025 3910 stdndniambglich.
1038 3843 1363 3912 —Aprimei]s.5a.E.:

136 3929 172 3997 11,
187 3929 234 3985 77:
254 3947 307 3998 „ne
321 3935 382 4002 post
394 3932 531 3988 Valentem
547 3938 575 3989 et
586 3933 722 3989 Caecinam
778 3931 947 3998 „Maternum
961 3932 1077 3985 meum“.
1102 3929 1202 3986 Gerade
1217 3933 1258 3987 die
1272 3933 1365 3988 beiden

136 4021 335 4087 numeremur“;
346 4021 412 4074 auch
421 4020 489 4076 Ann.
499 4021 572 4090 Xlll,
583 4023 632 4078 54:
644 4023 722 4090 „nul·
777 4021 804 4073 in
818 4020 891 4074 ihren
906 4019 1117 4088 Auschauungen
1133 4021 1231 4075 scbroff
1242 4022 1365 4076 einander

136 4107 175 4162 los
193 4107 344 4162 mortalium
363 4112 425 4164 anto
444 4108 586 4166 Germanos
605 4113 691 4166 essa“.
776 4107 1067 4177 gegendberstehenden
1082 4109 1193 4163 Manner
1206 4111 1292 4164 finden
1308 4111 1364 4164 sich

170 4195 265 4262 sraela
354 4197 508 4268 dominata]
531 4189 645 4254 r'lbnlioh
669 4218 723 4255 ver·
777 4199 823 4252 aul
839 4198 897 4251 dem
912 4195 1020 4252 Gabiete
1039 4197 1085 4251 des
1099 4198 1363 4254 freundsohastlichen

135 4284 239 4351 bindet,
259 4285 326 4340 doch
343 4287 379 4340 im
398 4289 503 4356 eigentl.
523 4289 614 4355 Sinne,
634 4289 722 4344 Cicero
776 4287 906 4341 Verkehrs
921 4286 975 4340 und
989 4286 1365 4357 gegenseitigerpersdnlieher

135 4374 208 4429 Verr.
229 4375 275 4444 IV,
294 4375 337 4444 25,
356 4375 405 4431 56:
432 4378 548 4444 „anulus
570 4379 671 4432 fractus
694 4381 722 4432 et
777 4377 900 4443 Acbtung
926 4375 978 4428 und
1004 4375 1113 4442 bringen
1138 4375 1222 4430 dieses
1246 4380 1312 4432 auch
1335 4379 1364 4434 in
