3098 4862
523 353 641 420 dialogus
660 353 692 406 de
711 353 867 408 oratoribus.
905 371 926 407 c.
947 355 988 408 16.
1009 355 1051 408 17.
1364 352 1401 411 47

169 516 363 592 consulibus,
387 516 424 577 ut
447 514 520 577 Tiro
543 514 677 578 hbertus
702 515 769 578 eius
793 515 928 597 scripsit,
952 516 1087 597 septimo
1111 515 1183 579 idus
1199 516 1400 580 ⁴Decembres

170 623 291 687 occisus
316 624 379 696 est,
408 640 470 702 quo
494 640 576 685 anno
599 622 701 686 Divus
724 623 890 704 Augustus
913 623 1075 687 inlocum
1099 622 1223 686 Pansae
1248 625 1280 687 et
1301 622 1400 686 Hirtii

171 747 204 792 se
235 732 267 792 et
296 727 332 806 Q.
354 727 490 792 Pedium
519 729 664 792 consules
695 728 826 792 suffecit.
875 729 989 794 Statue
1020 748 1074 794 sex
1105 731 1138 793 et
1167 729 1399 811 quinquaginta

170 853 284 911 annes,
302 836 432 916 *quibus
463 854 535 899 mox
563 835 664 899 Divus
687 839 856 917 Augustus
887 855 956 900 rem
985 838 1147 919 publicam
1177 837 1276 911 rerit3
1311 836 1398 900 adice
1415 857 1445 899 ro

170 941 285 1006 Tiberii
308 944 374 1005 tres
400 944 432 1006 et
455 943 576 1024 viginti,
601 944 633 1006 et
655 960 752 1026 prope
778 942 1022 1024 quadriennium
1047 943 1116 1022 Cei,
1140 963 1177 1009 ao
1199 944 1248 1007 bis
1273 945 1400 1024 quater·

169 1067 226 1112 nos
250 1047 347 1112 denos
364 1047 488 1112 Claudii
508 1052 542 1113 et
557 1049 692 1113 Neronis
717 1067 824 1126 annos
849 1052 946 1131 atque
969 1051 1062 1116 illum
1079 1051 1198 1116 Galbae
1216 1052 1248 1114 et
1265 1049 1399 1115 Othonis

169 1157 203 1219 et
225 1154 348 1219 Vitellii
371 1156 501 1237 longum
526 1159 558 1220 et
581 1176 682 1220 unum
706 1175 842 1234 annum,
873 1175 909 1221 ao
940 1161 1063 1222 sextam
1091 1159 1157 1222 iam
1179 1157 1279 1222 felicis
1303 1155 1399 1220 huius

169 1262 365 1345 principatus
390 1263 570 1340 stationem,
595 1283 656 1345 quo
679 1263 897 1347 Vespasianus
920 1282 989 1328 rem
1012 1265 1171 1347 publicam
1194 1263 1297 1328 foret:
1328 1281 1400 1327 cen-

169 1371 240 1432 tum
264 1371 297 1432 et
312 1370 425 1449 viginti
448 1371 523 1433 anni
547 1371 585 1434 ab
601 1370 734 1434 interitu
751 1369 909 1434 Ciceronis
932 1371 965 1433 in
988 1371 1075 1434 hunc
1093 1371 1178 1434 diem
1197 1369 1399 1450 colliguntur,
1413 1389 1445 1429 rs

170 1476 265 1539 unius
288 1475 425 1539 hominis
449 1479 547 1539 aetas.
585 1476 669 1540 Nam
693 1477 760 1558 ipse
785 1495 842 1558 ego
865 1477 898 1539 in
922 1477 1090 1540 Britannia
1113 1477 1178 1541 ridi
1202 1495 1319 1554 senem,
1344 1476 1400 1558 qui

171 1601 204 1646 sa
228 1581 384 1646 fateretur
407 1582 435 1646 ei
458 1601 584 1665 pugnae
608 1581 799 1661 interfuisse,
824 1602 888 1666 qua
904 1583 1074 1648 Caesarem
1096 1583 1286 1649 inferentem
1311 1602 1400 1648 arma

170 1689 319 1752 Britanni
348 1707 454 1753 arcere
485 1690 631 1754 litoribus
662 1692 695 1754 et
725 1691 842 1773 pellere
873 1690 1015 1771 adgressi
1048 1691 1131 1754 sunt.
1176 1689 1228 1753 Ita
1258 1690 1286 1753 si
1317 1708 1400 1766 eum,

172 1795 226 1877 qui
256 1797 399 1859 armatus
424 1795 457 1860 C.
482 1795 612 1861 Caesari
642 1798 775 1874 restitit,
806 1798 857 1860 vel
888 1796 1056 1879 captivitas
1088 1798 1140 1861 rel
1170 1797 1319 1860 voluntas
1349 1796 1400 1860 vel

170 1902 273 1966 fatum
305 1903 432 1984 aliquod
462 1903 496 1966 in
526 1904 638 1967 urbem
668 1904 891 1986 pertraxisset,
922 1921 1023 1985 aeque
1053 1904 1138 1968 idem
1168 1907 1200 1967 et
1230 1902 1445 1967 Caesaremso

169 2011 277 2093 ipsum
309 2014 341 2074 et
364 2009 548 2074 Ciceronem
579 2011 689 2074 audire
719 2011 825 2094 potuit
855 2012 888 2074 et
916 2011 1034 2074 nostris
1066 2028 1191 2092 quoque
1222 2010 1399 2073 actionibus

170 2241 319 2294 bekannten
328 2239 684 2308 Konsulatsbezeiohnungen
697 2257 758 2293 wer·
812 2238 1294 2308 Funeverhangnisvollerderiguisse,
1306 2238 1401 2292 welche

170 2330 221 2383 den
240 2330 281 2382 die
296 2329 441 2383 Vornameu
461 2330 500 2382 oit
515 2330 689 2397 weggelassen
705 2329 758 2382 und
813 2329 909 2383 diesem
916 2328 1271 2397 Zeitahsohnittangehbren.
1281 2328 1400 2396 «ψέκ-

171 2419 213 2472 die
222 2419 340 2472 Partilrel
354 2423 379 2472 et
393 2418 518 2471 awischen
529 2419 570 2471 die
580 2419 647 2472 botr.
659 2416 760 2472 Gontil·
813 2419 925 2486 utpotae
934 2415 1091 2489 stationem]
1102 2418 1143 2471 ein
1154 2417 1324 2471 audallandar
1333 2415 1401 2469 Aus-

171 2509 249 2560 bezw.
264 2507 405 2561 Beinamen
419 2509 528 2575 gesotzt.
544 2536 578 2544 —
592 2506 634 2561 M.
649 2507 759 2560 Tullius
814 2508 895 2561 druch
921 2509 964 2560 fiir
987 2506 1260 2575 ,‚Regierungajahr“‚
1284 2505 1401 2559 daduroh

175 2595 252 2664 Tiro]
276 2597 322 2649 der
344 2596 461 2664 gelehrte
486 2595 680 2664 Freigalassane
705 2596 760 2648 und
814 2615 846 2650 zu
869 2597 1001 2662 erklbrcn,
1030 2596 1088 2649 dass
1111 2596 1157 2648 der
1180 2596 1328 2665 imperator
1350 2595 1403 2647 mit

170 2685 304 2754 Biograph
323 2684 433 2739 Ciceros.
453 2714 487 2723 —
505 2683 629 2753 arrepsit]
652 2685 759 2752 „autge-
814 2686 860 2739 der
878 2703 911 2738 an
923 2685 1009 2754 jodam
1024 2684 1218 2753 Neujahrstage
1233 2683 1401 2738 stattfinden·

173 2775 291 2828 aeichnet
302 2775 379 2828 hat“.
406 2775 437 2828 In
451 2777 532 2827 etwas
546 2773 667 2828 auderem
681 2772 759 2826 Sinna
813 2775 864 2828 dan
877 2774 1034 2842 Huldigung
1051 2773 1193 2842 gleichsam
1207 2790 1257 2826 nau
1271 2773 1403 2840 bestitigt

172 2863 255 2917 heisst
271 2879 300 2916 es
322 2865 362 2930 16,
376 2863 426 2918 28ι
446 2862 556 2929 „Cicero
574 2863 602 2916 in
617 2863 759 2916 Hortensio
815 2864 879 2917 wird
898 2863 952 2916 und
971 2880 999 2917 so
1018 2863 1107 2916 seinan
1127 2862 1275 2929 „Posten“‚
1295 2861 1336 2914 dia
1350 2859 1402 2915 Ob·

173 2953 322 3006 scribit“.
338 2983 371 2990 —
388 2951 419 3020 Q.
428 2952 543 3019 Pedicas]
553 2952 596 3006 eiu
605 2951 760 3005 Schwastar·
814 2953 864 3005 hut
878 2952 924 3005 des
937 2952 1041 3018 Reiohs‚
1056 2950 1150 3004 wieder
1162 2951 1329 3004 libemimmt.
1348 2949 1403 3002 Der

174 3043 239 3096 sohn
257 3042 281 3096 J.
302 3041 410 3109 Choara,
436 3044 515 3094 unter
534 3041 655 3094 walchem
674 3059 702 3094 er
724 3041 760 3094 im
815 3040 1006 3094 thaasachliche
1024 3039 1288 3107 Regioruugeautritt
1305 3038 1402 3106 Vespa·

174 3130 324 3186 Gallireheu
348 3131 445 3198 Kriaga
470 3131 572 3197 diente3
597 3132 632 3186 48
656 3131 760 3197 Mittor,
815 3129 894 3194 sians,
914 3145 955 3182 arn
971 3130 995 3183 1.
1009 3128 1068 3182 Jan.
1085 3128 1127 3195 70,
1146 3128 1184 3181 ist
1197 3127 1404 3196 Anfaugspunlrt

174 3223 263 3290 opiter
281 3221 364 3289 Legat
380 3221 408 3273 iu
426 3219 546 3289 Spanien.
815 3218 862 3271 der
885 3218 1038 3286 Rechnung.
1064 3246 1098 3254 —
1125 3214 1206 3285 felia]
1232 3216 1278 3269 wie
1302 3215 1330 3268 iu
1356 3215 1403 3269 dar

209 3325 256 3364 aaa
270 3315 294 3364 ct
308 3307 528 3378 quinquaginta]
546 3308 601 3361 nus
613 3308 682 3361 diosa
696 3305 761 3359 Zahl
815 3307 936 3360 saliralen
949 3305 1059 3359 Bodaut.
1075 3304 1249 3372 gewbhnlich:
1268 3307 1402 3372 gesegnet‚

174 3399 249 3452 fdhrt
272 3399 339 3452 auch
365 3399 406 3451 dia
424 3397 569 3465 Rechnung
593 3397 634 3450 bei
654 3395 760 3464 Sueten,
816 3395 987 3463 segensreioh.
1022 3425 1055 3432 —
1089 3400 1198 3448 reatum
1229 3398 1256 3446 et
1287 3393 1402 3462 alpinis]

175 3486 265 3542 Cotav.
290 3489 320 3541 ὃς
346 3487 479 3556 „primum
505 3503 562 3539 oum
586 3486 623 3540 M.
647 3484 761 3539 Antonio
816 3501 887 3551 „nur
906 3484 989 3538 120“.

175 3593 222 3647 per
231 3577 282 3630 XII
295 3576 347 3628 iere
362 3592 451 3642 annos,
466 3575 604 3629 novissime
618 3591 664 3645 par
677 3575 761 3636 XLIV
856 3587 894 3627 15.
913 3573 944 3627 ire
962 3574 1037 3627 bunc
1051 3571 1133 3639 diem]
1153 3571 1194 3625 bia
1208 3587 1255 3624 zur
1268 3569 1403 3622 unmittsl·

176 3666 247 3720 solus
265 3681 319 3718 rem
338 3683 363 3736 p.
383 3666 500 3718 tenuit“.
816 3641 895 3716 baien
912 3661 1077 3730 Gegeuwart,
1096 3677 1149 3713 uas
1165 3659 1259 3728 jedoch
1277 3658 1352 3712 nicht
1371 3675 1403 3710 zu

216 3767 254 3808 ιο.
279 3755 389 3823 longum
407 3759 433 3808 et
450 3771 540 3806 walcra
557 3752 595 3820 a]
619 3752 688 3818 „das
705 3752 762 3806 alne
815 3752 999 3806 buchstiiblich
1013 3767 1064 3818 eng
1082 3765 1114 3803 nu
1127 3749 1214 3802 Iassen
1228 3748 1273 3801 ist.
1294 3777 1327 3786 -
1347 3748 1403 3802 col·

176 3843 356 3912 langeJahr“.
376 3843 425 3896 Die
439 3841 763 3910 nominelleRegierungs-
817 3839 958 3910 liquatur]
983 3840 1094 3907 argeben
1119 3838 1189 3904 sich,
1208 3838 1327 3890 hominen
1346 3836 1403 3889 her·

177 3930 450 3987 zeitdarGenannteu
464 3931 554 3984 macht
568 3931 763 3998 allerdingszu-
816 3946 872 3983 aus.
913 3927 973 3996 Vgl.
999 3926 1086 3982 Germ.
1112 3927 1161 3981 37:
1191 3925 1317 3992 „ducenti
1341 3925 1403 3978 anui

176 4037 291 4076 sammeu
305 4025 373 4075 atwa
386 4020 638 4095 anderthalkaahre
650 4036 706 4086 aus,
724 4019 763 4072 in·
816 4017 1005 4086 colliguntur“.
1026 4044 1059 4054 -
1078 4016 1165 4069 uatus
1183 4013 1301 4069 bominis
1315 4013 1404 4081 cetus]

177 4112 235 4165 darn
255 4109 352 4165 Galbae
370 4109 513 4178 Erhebung
535 4125 577 4163 am
603 4110 627 4163 6.
646 4108 709 4162 Juui
728 4109 764 4171 68
817 4107 959 4174 allsrdings
973 4105 1024 4159 mit
1038 4106 1142 4158 starker
1154 4095 1403 4171 Ubartreibuug.-

177 4201 286 4268 erlolgte
305 4199 358 4252 und
371 4199 498 4252 Vitellius
517 4198 567 4251 den
585 4198 628 4252 20.
647 4198 708 4251 Dea.
728 4199 763 4254 69
816 4195 964 4264 fateretur]
989 4197 1029 4262 (so
1048 4195 1087 4248 alt
1106 4211 1172 4262 war,
1192 4193 1249 4246 dass
1268 4193 1306 4259 er)
1333 4208 1404 4260 „von

178 4290 233 4342 sain
257 4289 329 4342 Ende
354 4288 425 4342 land.
469 4286 678 4356 Hauptsliehlieh
702 4286 764 4339 aber
818 4285 873 4338 sich
893 4301 972 4353 sagon
990 4285 1118 4338 konnte“.

177 4379 261 4432 meint
277 4377 337 4432 Tac,
356 4377 407 4431 mit
425 4377 484 4430 dom
498 4376 589 4430 Worte
607 4377 704 4444 bagua
722 4375 764 4428 die
856 4383 896 4428 20.
917 4374 1048 4441 actiones]
1068 4371 1336 4440 ‚‚Verhandlungen“.
