3098 4862
150 313 188 374 ⁴8
658 315 773 371 Cornelii
790 315 874 370 TaeIti

152 479 317 544 iuteresse.
354 477 500 542 Proximo
525 477 654 558 quidem
677 477 834 559 congiario
858 477 919 560 ipsi
942 475 1065 540 vidistis
1089 477 1256 559 plerosque
1280 495 1383 554 senes,

155 585 209 668 qui
232 603 266 650 sc
291 584 405 649 aDivo
430 601 555 666 quoque
575 584 721 665 Augusto
745 585 844 648 semei
867 585 964 665 atque
988 583 1106 648 iterum
1127 583 1285 666 accepisse
1308 603 1384 648 con·

154 692 291 776 giarium
313 691 495 756 narrabant.
541 690 588 754 Ex
612 708 673 772 quo
698 689 803 771 colligi
825 691 932 773 potest
955 692 988 754 et
1004 689 1176 755 Corvinum
1200 689 1325 754 abillis
1350 693 1384 755 et

108 799 300 864 naAsinium
325 797 428 862 auditi
451 797 593 880 potuisse
617 791 858 880 (uamhsinius
887 797 920 860 in
948 794 1089 859 medium
1119 814 1220 876 usque
1244 797 1384 877 Augusti

156 905 384 988 principatum,
416 903 570 968 Corvinus
593 920 693 986 paene
718 902 757 966 ad
781 905 959 968 extremum
983 901 1138 985 duravit):
1168 921 1208 966 ne
1233 902 1383 967 dividatis

155 1012 327 1087 saeculum,
352 1012 385 1074 et
407 1009 555 1091 antiquos
580 1028 616 1074 ac
639 1010 761 1074 veteres
778 1009 923 1074 vocitetis
939 1011 1090 1085 oratores,
1113 1027 1193 1090 qnos
1211 1008 1384 1074 eorundem

154 1117 319 1182 hominum
333 1134 426 1181 aures
439 1116 631 1198 adgnoscere
644 1135 681 1180 ae
692 1118 782 1180 velut
794 1116 982 1197 coniungere
996 1118 1029 1180 et
1041 1116 1187 1198 copulare
1200 1117 1383 1198 potueruut.

99 1228 144 1290 18
244 1223 355 1302 „Haeo
384 1223 455 1288 ideo
485 1223 641 1305 praedixi,
676 1224 714 1286 nt
743 1222 769 1286 si
800 1240 864 1304 qua
894 1240 931 1286 ex
960 1223 1074 1286 horum
1105 1223 1268 1286 oratorum
1295 1221 1383 1288 fame

155 1331 317 1414 gloriaque
341 1331 413 1394 laus
429 1330 623 1412 temporibus
640 1329 828 1411 adquiritur,
852 1347 922 1393 eam
939 1328 1084 1392 docerem
1106 1329 1139 1392 in
1158 1328 1262 1393 medIo
1286 1329 1384 1394 sitam

156 1441 188 1502 et
210 1437 388 1521 propiorem
417 1437 507 1501 nobIs
538 1453 636 1517 quam
660 1435 769 1500 Servio
794 1433 914 1502 Galbae
943 1436 999 1498 aut
1023 1433 1055 1499 C.
1080 1433 1216 1499 Carboni
1240 1453 1383 1517 quosque

156 1543 235 1608 alios
258 1544 372 1608 merito
397 1543 545 1625 antiquos
569 1543 806 1615 vocaverimus;
837 1543 914 1606 sunt
941 1541 1025 1606 euim
1048 1541 1168 1606 horridi
1191 1544 1224 1606 et
1246 1543 1383 1626 impoliti

128 1652 188 1715 set
211 1650 306 1715 rudes
330 1652 363 1714 et
385 1649 536 1714 informes
566 1651 599 1713 et
626 1667 706 1731 quos
730 1648 855 1712 uttnam
885 1649 975 1712 nulla
1002 1650 1092 1732 parte
1121 1649 1268 1712 imitatus
1299 1652 1384 1714 esset

155 1755 273 1822 Calvus
303 1757 409 1821 vester
440 1758 496 1820 aut
520 1755 647 1820 Caelius
679 1756 736 1819 aut
765 1755 833 1838 Ipse
857 1754 975 1820 Cicero.
1020 1757 1122 1837 Agere
1155 1755 1240 1819 euim
1268 1755 1383 1820 fortius

191 1932 375 2002 eorrpe’urdum]
389 1931 454 1985 Eius
467 1931 555 1985 solche
564 1931 742 2002 Volksspenda
796 1929 870 1986 Sero.
885 1931 1029 2000 Sulpicius
1039 1931 1140 1997 Galba]
1156 1931 1322 2000 Zeitgenosse
1337 1932 1384 1986 des

154 2022 243 2075 warde
268 2039 289 2076 z.
308 2021 339 2074 Β.
359 2020 395 2074 im
413 2020 437 2074 J.
457 2021 491 2075 73
517 2020 554 2074 im
571 2019 674 2074 Numen
697 2020 742 2074 des
796 2019 885 2074 L‘e'lius
910 2020 965 2074 und
989 2019 1035 2073 das
1053 2019 1073 2088 j.
1092 2019 1191 2089 Scipio,
1210 2019 1312 2074 Konsul
1331 2019 1384 2075 144

152 2111 231 2164 Titus
262 2110 385 2179 gegeben.
420 2139 453 2148 -
480 2109 635 2179 plerosque]
675 2127 743 2178 „gar
796 2126 819 2162 v.
840 2107 913 2174 Chr,
938 2107 1092 2177 bertiehtigt
1110 2108 1192 2162 durch
1217 2109 1287 2163 aeine
1305 2108 1384 2163 Trau-

154 2198 293 2254 maucha“.
319 2228 352 2238 -
376 2197 451 2254 Divo
473 2214 579 2268 quoquc
602 2197 741 2267 Augusto]
795 2196 920 2265 losIgireit
946 2213 1030 2266 gagen
1057 2196 1099 2250 die
1126 2197 1275 2251 Lusitauier
1302 2197 1382 2265 (Anu.

154 2287 204 2341 Dia
217 2287 341 2355 Stelluug
354 2286 400 2340 des
414 2303 520 2356 quoque
536 2286 662 2340 awischeu
675 2285 742 2340 Divo
796 2285 846 2353 III,
861 2286 915 2353 66).
944 2286 991 2340 Als
1008 2283 1113 2340 Redner
1132 2286 1196 2340 wird
1214 2304 1243 2340 er
1260 2304 1310 2342 von
1329 2287 1382 2342 Cic.

155 2376 210 2430 und
237 2375 305 2444 Aug.
334 2376 372 2429 ist
403 2375 521 2430 dadureh
552 2375 741 2444 antschuldigt,
796 2376 858 2429 sehr
875 2375 943 2429 lroch
960 2375 1077 2444 gestellt.
1109 2374 1248 2429 Breues.
1268 2376 1311 2431 89.
1350 2376 1381 2430 de

154 2464 214 2518 daia
238 2468 351 2520 ersteres
370 2465 447 2519 Wort
469 2465 526 2519 hier
548 2465 595 2518 wie
619 2465 660 2518 eiu
678 2465 742 2518 Vor-
782 2481 833 2518 or.
852 2464 879 2532 1,
898 2464 947 2518 40:
977 2464 1114 2531 „divinum
1138 2463 1268 2517 hominem
1292 2464 1320 2518 iu
1344 2465 1383 2518 di-

154 2570 230 2608 nemo
247 2553 390 2608 behandalt
407 2553 480 2608 wird.
516 2552 584 2608 hun.
603 2554 675 2621 XIV,
694 2555 742 2608 20:
797 2552 908 2608 cendo“.
934 2583 967 2591 -
991 2543 1063 2607 Uber
1088 2550 1117 2608 0.
1136 2552 1272 2622 Papirius
1296 2551 1384 2609 careo

155 2641 295 2711 „Gnaeum
314 2659 416 2713 quoque
434 2643 616 2712 Pompeium“.
797 2642 848 2709 vgl.
874 2640 926 2696 cic.
944 2642 1021 2697 Brut.
1041 2641 1106 2696 104:
1133 2645 1182 2708 „et
1206 2641 1331 2696 Carbonis
1355 2646 1384 2696 et

192 2743 234 2786 as.
263 2731 390 2799 durarit]
420 2755 451 2774 =
480 2731 591 2799 floruit,
620 2748 670 2786 von
696 2731 743 2785 der
798 2728 908 2784 Gracchi
939 2730 1064 2784 habemus
1101 2731 1232 2785 orationes
1267 2731 1383 2786 nondum

154 2819 243 2874 Dauer
260 2820 332 2873 ihrer
349 2819 399 2888 eIg.
413 2819 609 2873 WirhsamheIt.
640 2818 742 2874 Audars
797 2820 863 2874 satis
895 2818 1045 2889 splendidas
1078 2819 1180 2886 verbis,
1214 2819 1260 2872 sed
1291 2823 1383 2874 acutas

155 2908 226 2963 Anu.
243 2908 293 2976 111,
313 2909 359 2963 16:
380 2908 448 2978 „qui
467 2911 585 2963 nostram
604 2908 638 2962 ad
656 2909 743 2962 iuven·
796 2907 1002 2978 prudentiaeque
1026 2907 1191 2978 plenissimas
1216 2945 1267 2964 ...
1290 2907 1382 2978 Carbo,

155 2999 210 3050 tam
229 2996 423 3050 duraverunt&
443 3025 476 3034 -
495 2997 550 3050 Ver
567 3012 601 3052 aa
619 3013 672 3065 arg.
693 2997 742 3052 den
797 2996 838 3050 eui
865 2996 921 3050 vita
948 2996 1141 3068 suppeditavit,
1169 2999 1212 3050 est
1238 2997 1265 3050 iu
1290 2998 1383 3054 muitIs

155 3083 311 3140 Gedaukcn:
330 3085 385 3140 dies
403 3086 533 3140 beaehtet.
555 3114 583 3122 -
607 3085 741 3154 diuidere]
796 3085 899 3139 iudiciis
931 3085 1067 3155 causisque
1098 3085 1241 3153 cognitus¹‘
1269 3089 1318 3140 ate.
1348 3116 1383 3126 —

156 3174 217 3226 awai
230 3189 278 3226 aus
292 3173 374 3227 aiuem
389 3174 505 3229 macheu.
525 3203 558 3214 —
578 3175 743 3244 coniungere
796 3174 918 3244 impoliti
936 3180 962 3228 et
984 3174 1080 3242 ruder]
1104 3173 1156 3229 Cio.
1175 3172 1220 3228 Or.
1239 3174 1288 3229 20:
1313 3175 1384 3241 „im-

153 3266 182 3316 et
201 3262 342 3331 copulare]
361 3264 455 3318 abauso
473 3263 526 3318 Cio.
542 3264 573 3317 de
587 3281 624 3318 or.
639 3265 661 3332 I,
677 3265 742 3319 222:
797 3263 873 3334 pehti
898 3265 926 3316 et
949 3264 1069 3318 consulto
1097 3263 1200 3316 rudium
1229 3262 1327 3318 similes
1356 3267 1384 3318 at

156 3351 299 3420 „coniungi
323 3353 521 3423 copulariqua“.
559 3353 638 3408 Sinu:
660 3357 743 3408 neunt
796 3352 1007 3422 Imperitorum“.

155 3439 230 3492 nicht
261 3439 407 3509 dtejenigen
434 3441 538 3495 Reduer
571 3442 661 3510 „alt“,
693 3460 742 3497 rou
835 3455 857 3495 e.
877 3447 902 3496 et
920 3457 988 3510 quoa
1006 3442 1116 3494 utinam
1131 3440 1192 3510 etc]
1213 3441 1383 3512 „tiberhaupt

154 3527 239 3581 denen
266 3543 313 3581 aus
340 3528 421 3582 durch
447 3530 560 3584 dieselbe
584 3528 743 3585 Generatiou
797 3545 840 3595 sc,
865 3529 923 3582 dass
946 3546 1006 3583 meu
1025 3529 1163 3583 whnscheu
1182 3529 1285 3584 mt'chta
1304 3571 1310 3584 .
1327 3571 1334 3585 .
1350 3532 1383 3585 .“.

155 3617 212 3670 ciue
230 3615 401 3686 Verbindung
424 3618 485 3684 (mit
509 3619 556 3672 der
574 3617 742 3688 Geganwart)
796 3617 888 3671 Soleho
924 3617 983 3671 dem
1013 3616 1137 3686 Adjektiv
1173 3618 1383 3687 gleiehgestellte

155 3705 311 3774 hargestellt
325 3705 428 3761 werden
444 3707 548 3761 konnte.
577 3707 743 3778 couirmperc
795 3705 999 3774 Verbiudungen
1017 3706 1067 3760 mit
1084 3707 1195 3761 utinam
1216 3705 1303 3760 finden
1327 3708 1383 3762 sich

155 3793 193 3848 ist
220 3793 325 3848 eunuch
352 3795 497 3863 gebraueht
522 3794 591 3850 Anu.
620 3795 685 3863 XII,
710 3797 741 3849 2:
797 3795 877 3849 sehon
885 3795 927 3849 bei
937 3793 1033 3850 Cicero.
1049 3824 1082 3833 —
1096 3796 1176 3850 nullu
1185 3796 1281 3864 parte]
1300 3797 1383 3863 (nulle

156 3881 290 3952 „stirpem
311 3883 423 3937 nobilem
442 3886 470 3936 et
487 3883 599 3937 familiae
617 3882 742 3938 Claudiae
796 3886 868 3954 part)
883 3884 1031 3950 „inheiner
1040 3883 1198 3950 Hinsieht“;
1214 3885 1281 3938 auch
1291 3883 1381 3950 Quint.

156 3973 274 4042 posteros
293 3971 477 4040 coniungere“.
796 3973 818 4038 I,
839 3975 880 4041 10,
899 3975 930 4027 4;
950 3973 1045 4039 „nulla
1062 3976 1137 4043 parte
1156 3973 1313 4027 cessantis“.

833 4078 912 4131 apere
925 4061 1029 4128 fortius
1042 4062 1100 4116 tam
1113 4060 1175 4129 etc]
1194 4061 1259 4114 Hier
1272 4061 1383 4129 hegiunt

192 4146 271 4216 Καρ.
291 4148 338 4204 18.
366 4147 445 4214 suma
461 4148 618 4221 gloriaque]
639 4147 742 4216 „Glauz
796 4150 900 4204 cndlieh
913 4151 984 4221 Aper
1003 4150 1052 4204 den
1068 4149 1174 4218 Angriff
1189 4149 1235 4202 aui
1247 4148 1287 4202 die
1301 4146 1382 4204 Alton

156 4236 210 4290 und
233 4236 352 4303 Ruhm“,
375 4236 465 4306 htufig
492 4238 562 4292 verb.
587 4237 742 4307 Synonyma.
797 4239 851 4293 und
865 4240 935 4294 scine
948 4237 1168 4306 Rechtfertigung
1181 4237 1227 4291 dar
1241 4237 1383 4293 ueueuBe

155 4323 219 4380 sah.
228 4324 289 4395 Jug.
300 4326 326 4394 4,
336 4327 367 4381 6:
378 4327 459 4394 „iam
469 4329 549 4397 atqua
558 4327 698 4397 gloriam“.
707 4356 741 4366 -
796 4327 962 4381 redsamheit.
982 4326 1114 4380 Zunttchst
1127 4325 1201 4380 tiihrt
1214 4342 1243 4379 er
1252 4342 1308 4392 aus,
1323 4326 1383 4381 dass
