3092 4878
513 332 632 400 dialogus
650 332 682 385 do
700 331 855 387 oratoribus.
892 350 914 386 o.
932 333 1047 387 32-34.
1355 329 1393 391 83

254 492 375 558 Deinde
400 513 472 557 cum
488 495 572 576 Aper
597 513 720 575 qnoque
742 496 775 558 ct
792 493 956 558 Secundus
979 493 1064 558 idem
1088 493 1284 570 adnuissent
1307 493 1393 558 Mes-

165 602 246 665 salla
270 601 361 682 quasi
390 619 502 663 rursus
533 601 703 682 incipiens:
734 649 750 678 „
758 599 916 678 Quoniam
946 601 1036 664 initia
1066 602 1099 663 ct
1129 601 1251 665 semina
1275 601 1390 665 veteris

165 708 364 789 eloquentiae
389 707 467 770 satis
492 705 727 770 demonstrasse
744 706 859 783 videor,
883 706 1021 770 docendo
1038 707 1153 787 quibus
1170 707 1293 770 artibus
1310 707 1393 771 anti·
1406 726 1436 768 ra

166 815 221 896 qui
244 816 383 878 oratores
407 814 532 878 institui
556 812 736 894 erudirique
760 813 845 877 soliti
868 813 947 890 sint,
970 831 1144 896 persequar
1166 833 1252 878 nunc
1276 815 1393 878 exerci-

165 922 301 986 tationes
333 939 450 984 eorum.
503 919 707 1001 Quamquam
736 920 813 1002 ipsis
845 920 967 983 artibus
997 920 1081 983 inest
1108 921 1304 996 exercitatio,
1333 939 1393 984 nec

166 1028 335 1109 quisquam
348 1027 517 1109 percipere
541 1029 590 1090 tot
613 1029 681 1091 tam
704 1027 884 1091 reconditas
909 1028 1037 1106 tamque
1062 1027 1166 1091 varias
1197 1045 1247 1090 res
1278 1029 1392 1110 potest,

164 1135 227 1198 nisi
249 1137 288 1198 ut
311 1133 460 1198 scientiae
483 1133 658 1209 meditatio,
681 1132 882 1197 meditationi
902 1133 1048 1210 facultas,
1071 1134 1219 1197 facultati
1234 1151 1313 1196 usus
1330 1134 1393 1197 elo-

166 1241 315 1322 quentiae
340 1239 478 1304 accedat.
523 1239 585 1303 Per
610 1259 690 1320 quae
720 1239 879 1320 colligitur
909 1239 1042 1303 eandem
1073 1257 1142 1303 esse
1172 1240 1328 1303 rationem
1360 1241 1435 1303 ctae

165 1347 358 1430 percipiendi
382 1365 463 1426 qnae
486 1345 627 1429 proferas
658 1349 690 1410 et
717 1345 897 1429 proferendi
929 1364 1010 1426 quae
1039 1346 1226 1428 perceperis.
1273 1344 1335 1408 Sed
1365 1345 1392 1408 si

166 1455 218 1519 cui
241 1452 421 1518 obscuriora
443 1453 522 1516 haec
545 1453 694 1516 videntur
716 1453 806 1533 isque
831 1452 998 1516 scientiam
1021 1452 1060 1516 ab
1091 1453 1313 1516 exercitatione
1344 1471 1393 1516 sc-

165 1562 266 1644 parat,
289 1559 370 1623 illud
393 1561 477 1623 certe
502 1558 659 1636 concedet,
683 1558 878 1622 instructum
903 1561 935 1622 et
958 1558 1088 1640 plenum
1111 1559 1161 1622 his
1186 1559 1308 1622 artibus
1326 1559 1392 1622 ani-

165 1687 255 1731 mum
289 1667 381 1747 longe
415 1666 608 1747 paratiorem
643 1665 683 1729 ad
719 1684 772 1728 cas
808 1666 1048 1729 exercitationes
1083 1668 1270 1742 venturum,
1311 1683 1392 1746 quae

166 1773 310 1857 propriae
335 1790 403 1836 esse
427 1774 589 1835 oratorum
613 1771 768 1835 videntur.
1405 1791 1434 1832 es

257 1879 360 1960 „Ergo
385 1877 468 1961 apud
491 1878 628 1941 maiores
650 1880 775 1942 nostros
799 1878 922 1942 iuvenis
946 1878 1008 1955 ille,
1033 1879 1089 1959 qui
1110 1878 1177 1942 foro
1195 1881 1227 1942 et
1244 1879 1446 1960 eloquendi

167 1986 231 2050 tiae
255 1986 435 2068 parabatur,
458 1985 601 2048 imbutus
622 1985 687 2048 iam
708 1984 882 2049 domestica
899 1985 1074 2068 disciplina,
1097 1984 1235 2048 refertus
1250 1985 1392 2049 honestis

167 2092 281 2158 studiis
306 2092 521 2156 deducebatur
545 2096 675 2174 epatre
704 2092 754 2156 vel
785 2111 804 2155 a
835 2093 1020 2175 propinquis
1052 2092 1092 2156 ad
1124 2111 1198 2156 eum
1226 2098 1392 2168 oratorem,

201 2304 282 2373 quasi
300 2319 399 2357 rursus
413 2302 561 2378 incipieus]
581 2303 686 2356 chnlieh
699 2302 752 2358 Cic.
806 2303 833 2357 in
847 2303 925 2357 Hand
943 2304 1036 2372 gehen,
1055 2305 1108 2356 ein·
1127 2303 1180 2357 und
1199 2303 1313 2357 diesclbe
1327 2303 1393 2357 Thil-

165 2393 242 2446 Brut.
267 2394 333 2446 201:
359 2395 408 2458 „et
432 2409 480 2460 ogo
505 2393 639 2460 tamquam
659 2391 690 2444 de
714 2392 753 2444 in·
806 2393 902 2460 tighcit
922 2392 1018 2446 bildan.

166 2485 241 2550 togro
259 2482 362 2535 ordiens
369 2481 383 2506 ‘⁶
403 2485 453 2534 otc.
843 2492 884 2535 to.
904 2481 1039 2535 rationem
1058 2481 1302 2551 ...percipiendil
1323 2480 1393 2546 „dns

201 2571 287 2626 initia
306 2576 333 2623 et
350 2568 467 2637 sem-inc]
486 2567 575 2623 Cicero
590 2571 662 2636 sagt:
682 2569 752 2635 ,‚ini-
806 2569 1099 2624 In·sich·auinehmen“.
1137 2569 1202 2622 an
1221 2569 1316 2622 Ausdr.
1341 2567 1392 2636 rgl.

166 2661 263 2714 tiorum
282 2662 310 2712 et
328 2661 462 2728 tamquam
481 2658 639 2712 seminum“.
677 2657 753 2711 Sieho
806 2657 878 2711 Hist.
893 2657 939 2724 IV,
954 2659 1001 2712 56:
1021 2675 1064 2725 ‚‚r.
1078 2658 1250 2728 ignoscendi‘·
1271 2657 1317 2710 das
1331 2655 1394 2709 Ver·

164 2749 232 2803 Einl
252 2748 278 2802 S.
299 2748 341 2801 14.
807 2746 926 2800 ceihen“.

206 2851 245 2891 rc.
263 2836 434 2903 reconditos]
453 2839 520 2905 (syn.
535 2837 585 2889 mit
599 2836 753 2900 abstrusas)
842 2837 920 2904 locpe
935 2836 1109 2905 paratiorem
1127 2836 1166 2891 ud
1179 2877 1186 2890 .
1197 2874 1220 2888 ..
1235 2833 1393 2902 centorum]

166 2927 287 2994 ,‚schwcr
306 2943 337 2979 zu
355 2925 550 2993 crgrlindende,
575 2925 667 2980 tl'efo“.
704 2925 753 2977 Die
808 2924 854 2977 wie
868 2923 920 2978 Cic.
935 2925 1013 2978 Brut.
1028 2926 1095 2979 263:
1111 2926 1240 2994 „paratus
1255 2923 1288 2976 ad
1302 2939 1393 2976 causas

166 3015 364 3083 Schwieriglreit
381 3015 453 3067 einer
471 3013 668 3086 Wissensohaft
685 3013 753 3081 liegt
807 3013 942 3067 veniens“.

166 3104 299 3158 entweder
316 3104 344 3156 in
362 3103 409 3156 der
422 3103 665 3170 Mannigfaltiglreit
682 3102 754 3155 ihrer
845 3113 886 3155 ac.
915 3102 1054 3168 uidentem]
1089 3101 1135 3153 wie
1162 3101 1201 3154 oft
1227 3101 1269 3154 bei
1296 3099 1393 3167 Cicero,

166 3193 267 3261 Zweigo
286 3193 347 3247 oder
360 3193 388 3246 in
402 3193 473 3245 ihrer
487 3191 641 3245 abstralrten
656 3191 752 3257 Natur‚
807 3214 841 3234 =
861 3189 981 3256 ‚‚werden
1000 3189 1135 3256 allgemein
1154 3189 1286 3257 gehalton,
1304 3188 1393 3256 gelten

166 3282 214 3336 wie
227 3281 269 3335 bei
283 3281 329 3334 der
342 3281 525 3334 Mathematils.
550 3269 679 3333 dhulicho
691 3279 753 3332 Ver·
806 3279 848 3332 fiir
867 3319 873 3332 .
889 3320 895 3332 .
911 3279 944 3332 .“.

165 3371 284 3439 bindung
306 3371 349 3423 bei
367 3369 419 3424 Cic.
438 3370 470 3422 de
489 3387 525 3422 or.
545 3369 571 3435 I,
589 3371 619 3424 8:
645 3385 753 3435 ,‚recon·

166 3459 230 3512 ditis
254 3459 283 3512 in
305 3459 408 3512 artibus
433 3461 513 3528 atquo
534 3458 562 3512 in
581 3457 693 3528 quadarn
711 3473 754 3511 va-
842 3453 920 3522 Kap.
941 3453 992 3509 34.
1018 3453 1096 3523 Enyo
1114 3454 1194 3523 apud
1211 3454 1327 3508 maiores
1345 3471 1393 3508 nc-

165 3547 260 3602 riotate
296 3548 447 3601 litterarum
484 3548 658 3611 versentur“;
702 3547 752 3599 10:
807 3543 958 3610 struente]
977 3541 1393 3612 WasimFolg.dberdieAus-

166 3637 323 3704 „recondita
347 3637 375 3690 in
399 3642 457 3690 arte
481 3640 510 3690 et
534 3635 675 3705 multiplici
693 3635 753 3688 sub·
807 3633 917 3701 bildnng
944 3633 990 3686 der
1021 3632 1142 3686 srliheren
1169 3632 1274 3686 Radner
1300 3635 1394 3700 gesagt

165 3727 289 3796 tilique“.
310 3757 343 3764 —
362 3727 419 3780 cisi
437 3726 481 3792 ret]
502 3725 589 3791 „ohne
608 3723 666 3776 dass
674 3724 697 3777 “.
718 3751 751 3760 —
807 3722 879 3788 wird,
898 3721 1000 3774 erztblt
1014 3720 1065 3776 Cic.
1080 3739 1129 3775 von
1149 3722 1204 3774 sich
1219 3721 1303 3774 solbet
1316 3721 1392 3775 Brut.

165 3815 320 3884 meditatio]
334 3839 369 3859 =
382 3819 487 3886 μελέτη,
503 3831 524 3867 s.
541 3814 582 3880 14,
597 3813 622 3866 b.
642 3816 676 3850 —‘
695 3812 752 3865 Wie
806 3811 867 3864 30&
904 3809 963 3877 Vgl.
988 3809 1055 3862 auch
1078 3807 1167 3874 Quinc.
1187 3810 1225 3875 X,
1245 3811 1276 3875 5,
1297 3810 1339 3863 19.
1359 3838 1392 3848 -

165 3905 230 3958 oben
255 3905 352 3962 iudan
371 3903 479 3956 Worton
503 3908 563 3956 acic
587 3907 614 3956 et
636 3901 753 3956 scientia
806 3898 940 3952 dedocere
964 3897 1002 3951 ist
1026 3897 1165 3950 stehender
1190 3898 1328 3951 Ausdruclr
1351 3898 1394 3952 llir

165 3997 225 4059 etc,
240 4009 268 4046 so
282 3992 346 4046 wird
361 3991 427 4044 auch
440 3991 497 4044 bier
508 3991 550 4044 dio
563 3989 753 4058 gesundeEnt-
806 3987 854 4040 das
872 3985 1015 4040 Einfdhren
1033 3986 1105 4040 eines
1120 3986 1220 4056 jungen
1238 3987 1347 4040 Rbmors
1365 3988 1393 4040 in

165 4082 310 4150 wichelung
331 4081 369 4133 im
386 4079 601 4148 Bildungsgange
626 4078 672 4131 der
697 4077 752 4130 hirs
807 4076 854 4129 das
885 4076 1035 4146 pralrtische
1067 4076 1160 4129 Leben.
1195 4105 1228 4116 —
1259 4073 1393 4144 refertus]

164 4169 313 4225 bffentliche
331 4170 416 4222 Lebcn
435 4168 602 4222 bestimmten
621 4167 752 4220 Personen
807 4165 971 4234 ,‚gcnlihrt“.
997 4193 1030 4204 —
1052 4165 1209 4232 principem
1229 4205 1279 4218 ...
1305 4165 1392 4219 lecum

164 4259 392 4328 gelennzoichnet.
434 4256 617 4311 Theorctiseho
641 4255 752 4308 Studien
806 4255 958 4321 obtinebat]
984 4270 1042 4306 cum
1065 4254 1161 4308 Ausdr.
1186 4253 1238 4322 vgl.
1257 4254 1325 4308 Anu,
1344 4253 1391 4320 Ill,

165 4349 247 4402 eollcn
266 4347 316 4400 mit
338 4347 507 4416 praktisehen
526 4336 654 4413 Ubungen
672 4343 751 4398 Hand
807 4343 853 4397 75:
873 4360 933 4414 ‚‚pr.
947 4343 975 4396 in
994 4343 1100 4397 civitate
1123 4343 1209 4396 locum
1223 4342 1319 4396 studiis
1333 4343 1392 4397 eivi-

1143 4433 1179 4485 δι
