3092 4878
140 307 176 367 68
650 309 762 366 Cornelii
780 310 865 364 Taciti

143 474 200 536 aut
223 472 359 536 tinnitus
384 469 555 535 Gallionis:
589 471 665 535 adeo
689 472 804 536 melius
829 473 879 535 est
903 471 1078 535 oraticnem
1102 471 1153 535 vel
1176 470 1261 534 hirta
1292 471 1369 552 toga

117 577 273 642 oinduere
305 596 402 659 quam
432 576 548 641 fucatis
583 578 615 641 et
649 577 836 642 meretriciis
868 578 1010 642 vestibus
1045 577 1205 658 insignire.
1258 576 1372 658 Neque

143 687 227 750 enim
251 685 406 749 oratorius
431 684 505 761 iste,
535 684 632 748 immo
662 684 791 748 hercule
822 703 861 750 ne
892 685 991 749 virilis
1016 683 1144 766 quidem
1174 684 1280 748 cultus
1311 686 1371 761 est,

143 811 205 874 quo
228 792 371 875 plerique
395 792 577 873 temporum
599 792 782 855 nostrorum
806 793 928 856 actores
946 793 991 855 ita
1007 792 1153 867 utuntur,
1176 792 1214 854 ut
1237 789 1368 855 lascivia

143 899 312 962 verborum
336 899 369 961 et
391 897 521 962 levitate
545 897 778 961 sententiarum
801 899 835 961 et
857 898 986 962 licentia
1010 897 1245 980 compositionis
1261 898 1371 961 histri·

143 1005 250 1070 orales
281 1004 390 1068 modos
420 1004 608 1086 exprimant.
661 1002 815 1086 Quodque
846 1005 897 1068 vix
927 1005 1039 1069 auditu
1068 1003 1116 1069 fas
1147 1023 1216 1069 esse
1246 1005 1370 1082 debeat,

104 1111 246 1175 aclaudis
271 1112 303 1174 et
326 1110 444 1192 gloriae
469 1113 501 1174 et
524 1110 644 1192 ingenii
670 1111 738 1175 loco
767 1111 910 1193 plerique
941 1112 1063 1176 iactant
1093 1111 1216 1176 cantari
1246 1111 1373 1176 saltari-

146 1237 207 1300 que
238 1217 487 1283 commentarios
518 1235 601 1281 suos.
646 1217 739 1282 Unde
771 1218 872 1281 oritur
900 1218 956 1281 illa
987 1217 1079 1282 foeda
1110 1219 1142 1282 et
1165 1220 1379 1300 praepostera,

146 1325 202 1389 sed
237 1326 345 1389 tamen
377 1323 525 1406 frequens
563 1324 755 1405 quibusdam
790 1325 993 1402 exclamatio,
1028 1327 1065 1388 ut
1101 1326 1240 1388 oratores
1275 1324 1378 1388 nostri

146 1434 253 1496 tenere
277 1432 397 1508 dicere,
420 1431 591 1495 histriones
624 1430 741 1495 diserte
774 1432 893 1496 saltare
926 1432 1081 1496 dicantur.
1127 1430 1285 1512 Equidem
1314 1449 1379 1494 nou

145 1663 348 1732 iibertrurnpian.
378 1690 412 1700 -
441 1659 575 1729 tinnitus]
603 1659 734 1714 Schellen·
787 1662 942 1730 gebraucht.
985 1661 1075 1728 Quint.
1099 1660 1212 1715 braucht
1236 1665 1315 1714 actor
1340 1659 1380 1714 olt

146 1751 286 1820 gellingel.
317 1750 377 1818 vgl.
390 1749 482 1816 Quint.
494 1749 530 1816 II,
545 1751 569 1815 3,
585 1751 616 1804 9:
636 1749 736 1816 „tumi-
789 1750 1024 1818 gleichbedeutend
1038 1751 1088 1805 mit
1101 1755 1206 1816 orolor;
1226 1749 1262 1815 H,
1279 1748 1320 1816 12,
1336 1749 1379 1802 ll.

149 1840 196 1894 dos
218 1843 246 1894 st
269 1841 406 1909 corruptos
430 1842 459 1892 et
482 1839 599 1892 tinnulos
624 1841 652 1892 at
675 1855 737 1908 quo·
791 1839 865 1893 Doch
880 1841 931 1909 vgl.
945 1840 991 1908 XI,
1005 1841 1030 1908 3,
1045 1841 1109 1896 184:
1130 1856 1183 1906 „na
1202 1839 1264 1892 dum
1282 1837 1380 1891 actoris

151 1946 260 1999 cumque
279 1928 329 1982 alio
342 1928 481 1981 cacozeliae
494 1944 588 1995 genere
602 1931 738 1998 peccantes
794 1931 930 1998 captamus
939 1929 1104 1998 elegantiam,
1114 1928 1253 1999 perdamus
1260 1927 1309 1980 viri
1318 1925 1381 1980 boni

153 2022 254 2074 certum
276 2018 358 2072 habeo
382 2033 434 2070 non
456 2016 550 2070 virium
569 2017 615 2071 sed
632 2016 740 2072 infirmi·
793 2021 821 2070 st
844 2018 932 2086 gravis
956 2019 1173 2073 auctoritatem“.
1200 2047 1234 2056 —
1263 2015 1380 2071 lascivia

145 2111 211 2166 tatis
230 2108 294 2162 vitio
307 2107 456 2161 laborare“.
476 2135 510 2145 -
529 2106 657 2160 tinnulae
675 2122 736 2161 aaa·
859 2109 968 2163 levitate
1048 2107 1173 2175 licentia]
1199 2106 1314 2160 Baachto
1339 2104 1380 2158 die

146 2199 249 2255 tentiae
271 2196 316 2249 des
335 2195 431 2248 Seneca
454 2194 572 2248 erwahnt
590 2193 688 2248 Fronto
707 2211 732 2264 p.
791 2198 981 2252 Allittcration.
1012 2224 1045 2234 -
1073 2197 1251 2252 histrionalcs
1275 2194 1378 2262 modos]

145 2289 206 2344 240.
234 2285 320 2340 Untcr
335 2283 428 2340 Gallio
442 2284 479 2338 ist
493 2283 550 2336 hier
565 2283 633 2337 wohl
646 2283 674 2337 L.
690 2282 738 2336 Ju-
792 2287 1063 2357 „sohauspielerisohe
1081 2285 1247 2340 Manieren“.
1280 2283 1380 2339 Clade

148 2378 208 2432 nius
233 2373 319 2430 Gallio
346 2374 392 2428 der
419 2373 503 2426 Vater
531 2389 562 2426 zu
591 2372 736 2440 varstehcn,
791 2394 828 2431 cr.
852 2377 879 2443 I,
903 2377 971 2431 251:
997 2375 1177 2444 „histrionum
1201 2391 1272 2430 mora
1296 2373 1382 2430 elabo-

148 2466 258 2520 weloher
277 2481 325 2517 von
346 2463 443 2517 seinenr
456 2461 575 2516 Frermda
589 2462 626 2515 M.
641 2455 737 2516 Seneca
791 2467 879 2521 rare“.
917 2465 1008 2532 Quint.
1023 2465 1056 2532 X,
1076 2466 1101 2532 7,
1120 2465 1169 2519 21:
1190 2463 1332 2531 „frivolum
1350 2479 1380 2516 ac

148 2555 209 2609 sehr
228 2554 267 2608 cit
284 2552 379 2606 lcbend
393 2554 511 2620 genannt
525 2551 598 2604 wird.
630 2551 671 2605 An
690 2551 737 2605 ihn
792 2556 968 2610 scaenicum“.
988 2555 1043 2608 Das
1057 2554 1118 2623 Adj.
1133 2554 1210 2608 histr.
1225 2552 1309 2608 findet
1323 2551 1379 2606 sich

146 2644 184 2698 ist
193 2641 273 2697 Ovids
282 2641 356 2694 Briei
363 2657 393 2694 ex
402 2640 487 2695 Ponto
496 2639 541 2706 IV,
553 2640 585 2693 11
595 2640 735 2708 gerichtet.
791 2645 857 2699 noch
872 2646 915 2711 29,
932 2646 964 2700 10
979 2662 1004 2699 ιι.
1019 2644 1087 2698 Ann.
1101 2643 1124 2710 1,
1141 2643 1189 2708 16;
1209 2644 1284 2695 sonat
1297 2640 1379 2695 nicht.

146 2732 206 2800 Vgl.
225 2731 284 2784 Tac.
304 2729 372 2784 Anu.
393 2728 438 2796 VI,
458 2730 482 2783 3.
504 2757 537 2767 -
563 2729 639 2782 harto
658 2729 734 2798 lopo]
831 2746 870 2788 ro.
897 2734 1009 2788 cantari
1033 2731 1198 2800 saltarique]
1226 2711 1315 2786 Cicero
1338 2729 1381 2797 (de

147 2820 222 2875 Auch
250 2819 321 2874 disse
349 2817 472 2871 bildliohe
495 2816 734 2884 Ausdruclrsweise,
791 2822 873 2889 011,
895 2820 1259 2889 128u,6.)verlangtvom
1276 2819 1382 2874 Rcdner

148 2909 227 2963 worin
243 2906 434 2961 dieRadefcrm
448 2906 499 2958 mit
512 2905 596 2958 ciuem
607 2903 736 2960 Gawande
791 2911 876 2979 einige
914 2910 1162 2980 schauspielerischc
1198 2909 1380 2978 Fahigkeitcn,

148 2998 296 3067 vergliohen
315 2995 393 3062 wird‚
413 2997 523 3048 stammt
541 3011 589 3049 von
609 2993 661 3049 Cic.
680 2994 735 3062 her,
791 3001 854 3055 aber
881 3000 1089 3067 Beschrnnkung
1118 2999 1146 3054 in
1173 2999 1245 3052 ihrer
1271 2997 1381 3052 Anweu

147 3088 225 3142 Brut.
235 3088 301 3142 262:
316 3086 407 3154 „omni
421 3089 516 3139 ornatu
530 3084 656 3139 orationis
671 3088 737 3138 tam-
792 3089 871 3158 dung.
915 3089 960 3144 Or.
984 3089 1019 3144 57
1045 3088 1131 3143 tadelt
1154 3106 1196 3143 er:
1223 3130 1238 3155 „
1246 3088 1382 3142 rhetorum

149 3195 226 3248 quam
245 3180 317 3232 veste
336 3175 491 3242 detracta“;
515 3175 581 3229 272:
602 3173 738 3241 „recondi
792 3179 820 3232 in
846 3179 955 3250 epilogis
979 3196 1060 3249 paene
1086 3178 1248 3236 canticum“.
1290 3175 1381 3242 Quint.

149 3271 191 3320 tas
210 3266 406 3336 exquisitasque
430 3264 575 3319 sententias
599 3263 686 3318 mollis
710 3266 737 3317 at
791 3271 875 3323 neunt
894 3269 946 3323 don
964 3267 1204 3336 unertriiglichston
1229 3267 1295 3320 aller
1317 3265 1382 3318 Feh·

148 3356 283 3426 pallucens
297 3355 427 3408 vestiebat
441 3354 555 3407 oratio“.
574 3352 635 3421 Vgl.
646 3351 736 3418 Quint.
791 3357 831 3411 ler
849 3357 891 3411 die
909 3357 1057 3411 modulatio
1071 3356 1200 3423 scaenica;
1221 3354 1382 3423 „nonenim

148 3444 216 3509 XII,
238 3446 284 3510 10,
303 3445 350 3498 47:
372 3459 426 3510 „ne
444 3442 516 3495 hirta
535 3445 598 3510 toga
617 3441 667 3507 sit,
686 3458 737 3495 non
792 3446 942 3500 comoedum
971 3462 1041 3513 asse,
1070 3445 1115 3499 sed
1143 3447 1272 3499 oratorem
1300 3443 1379 3498 volo“

149 3537 182 3588 ut
200 3534 304 3587 serica“
324 3535 374 3586 etc.
791 3534 848 3602 (XI,
870 3534 940 3600 181).

186 3636 209 3677 a.
235 3623 287 3676 Mit
305 3622 421 3689 fucatus
443 3621 481 3675 ist
499 3621 542 3675 ein
562 3619 676 3691 Aulputz
694 3637 737 3689 ge-
828 3623 1003 3691 acclamatc'o]
1027 3623 1085 3676 hier
1102 3622 1177 3676 nicht
1195 3622 1237 3676 dia
1255 3621 1381 3690 gew'o'hnl.

149 3713 239 3779 meint,
260 3711 306 3765 der
324 3711 366 3764 bei
384 3710 468 3764 heller
483 3709 666 3778 Baleuchtung
683 3709 738 3763 und
791 3712 873 3781 Figur
892 3711 939 3765 der
958 3715 1115 3784 ἰκφώνησις,
1136 3711 1248 3766 sondarn
1266 3714 1334 3765 etwa
1347 3733 1382 3755 =

149 3817 263 3868 genauer
285 3799 491 3867 Untersuchung
515 3798 585 3853 scine
609 3798 738 3867 Wirlrung
793 3801 1010 3870 „Schlagwort“,
1029 3802 1139 3856 welches
1159 3801 1242 3856 durch
1260 3800 1382 3870 gelilliga

150 3889 264 3943 verliert.
290 3888 342 3943 Cic.
352 3888 429 3942 Brut.
440 3889 506 3943 162:
521 3888 599 3955 „aina
611 3888 666 3942 ullo
679 3888 737 3942 lucc
791 3890 869 3945 Fcrm
878 3891 948 3945 belm
957 3891 1098 3946 Publilium
1108 3889 1232 3959 Anklang
1245 3889 1336 3944 findet.
1348 3917 1382 3930 -

149 3978 270 4032 veritatis
295 3977 394 4031 color“.
421 4005 454 4015 -
480 3976 661 4044 meretricias]
686 3976 736 4045 aig.
791 3985 825 4034 at
844 3979 986 4049 dicautur]
1006 3980 1079 4034 steht
1093 3979 1273 4050 epexegetisch
1287 3995 1319 4032 au
1337 3993 1382 4032 arc-

150 4066 417 4134 „buhldirnenhait“.
792 4070 937 4137 clamati03
964 4069 1034 4124 a'hnl.
1061 4072 1157 4124 unten:
1185 4067 1382 4139 „persuasionq

187 4156 302 4224 actores]
322 4155 537 4223 „Sachwalter“;
562 4173 591 4209 so
609 4155 677 4210 auch
694 4155 737 4210 bei
791 4162 822 4212 ut
841 4175 869 4212 sa
951 4158 1100 4212 numeret“.
1121 4187 1154 4196 —
1180 4156 1279 4224 tenera]
1299 4158 1381 4210 etun:

151 4243 256 4312 Quint.;
274 4244 325 4299 mit
343 4244 402 4298 dem
416 4243 511 4298 Zusatz
530 4259 681 4298 causarum
694 4244 735 4299 od.
791 4247 931 4316 wollhstig,
952 4246 1069 4317 lippig“;
1089 4245 1136 4299 wie
1156 4245 1208 4301 Cic.
1222 4247 1250 4299 in
1264 4246 1317 4300 Pis.
1333 4245 1385 4301 89³

150 4334 183 4389 da
207 4335 299 4390 cauda
321 4351 372 4389 von
394 4333 447 4388 Cic.
470 4333 546 4388 Brut.
566 4333 618 4388 aot
638 4351 663 4388 u.
683 4333 735 4389 316
791 4352 872 4403 „cunr
891 4336 947 4389 tuis
968 4335 1066 4388 teneris
1085 4334 1259 4388 saltatoribus
1267 4335 1291 4389 “.
