<?xml version="1.0" encoding="UTF-8"?>
<!DOCTYPE html PUBLIC "-//W3C//DTD XHTML 1.0 Transitional//EN"
    "http://www.w3.org/TR/xhtml1/DTD/xhtml1-transitional.dtd">
<html xmlns="http://www.w3.org/1999/xhtml" xml:lang="en" lang="en">
 <head>
  <title>
</title>
<meta http-equiv="Content-Type" content="text/html;charset=utf-8" />
  <meta name='ocr-system' content='tesseract 3.04.00' />
  <meta name='ocr-capabilities' content='ocr_page ocr_carea ocr_par ocr_line ocrx_word'/>
</head>
<body>
  <div class='ocr_page' id='page_1' title='image "./corneliitacitid02tacigoog_0069.png"; bbox 0 0 3092 4878; ppageno 0'>
   <div class='ocr_carea' id='block_1_1' title="bbox 151 366 872 428">
    <p class='ocr_par' dir='ltr' id='par_1_1' title="bbox 151 366 872 428">
     <span class='ocr_line' id='line_1_1' title="bbox 151 366 872 428; baseline -0.012 0"><span class='ocrx_word' id='word_1_1' title='bbox 151 367 187 428; x_wconf 81' lang='lat'><strong>60</strong></span> <span class='ocrx_word' id='word_1_2' title='bbox 658 366 771 423; x_wconf 87' lang='lat' dir='ltr'><strong>Cornelii</strong></span> <span class='ocrx_word' id='word_1_3' title='bbox 788 366 872 420; x_wconf 86' lang='lat' dir='ltr'><strong>Taciti</strong></span> 
     </span>
    </p>
   </div>
   <div class='ocr_carea' id='block_1_2' title="bbox 151 525 1381 612">
    <p class='ocr_par' dir='ltr' id='par_1_2' title="bbox 151 525 1381 612">
     <span class='ocr_line' id='line_1_2' title="bbox 151 525 1381 612; baseline -0.003 -18"><span class='ocrx_word' id='word_1_4' title='bbox 151 531 185 595; x_wconf 91' lang='lat' dir='ltr'><strong>in</strong></span> <span class='ocrx_word' id='word_1_5' title='bbox 209 548 273 612; x_wconf 93' lang='lat' dir='ltr'><strong>qua</strong></span> <span class='ocrx_word' id='word_1_6' title='bbox 295 549 359 594; x_wconf 92' lang='lat' dir='ltr'><strong>non</strong></span> <span class='ocrx_word' id='word_1_7' title='bbox 383 529 524 594; x_wconf 76' lang='lat' dir='ltr'><strong>eminent</strong></span> <span class='ocrx_word' id='word_1_8' title='bbox 547 547 646 593; x_wconf 89' lang='lat' dir='ltr'><strong>venae</strong></span> <span class='ocrx_word' id='word_1_9' title='bbox 668 546 728 592; x_wconf 91' lang='lat' dir='ltr'><strong>nec</strong></span> <span class='ocrx_word' id='word_1_10' title='bbox 751 546 823 592; x_wconf 92' lang='lat' dir='ltr'><strong>ossa</strong></span> <span class='ocrx_word' id='word_1_11' title='bbox 845 528 1072 602; x_wconf 83' lang='lat' dir='ltr'><strong>numerantur,</strong></span> <span class='ocrx_word' id='word_1_12' title='bbox 1101 525 1158 590; x_wconf 91' lang='lat' dir='ltr'><strong>sed</strong></span> <span class='ocrx_word' id='word_1_13' title='bbox 1180 527 1381 608; x_wconf 87' lang='lat' dir='ltr'><strong>temperatus</strong></span> 
     </span>
    </p>
   </div>
   <div class='ocr_carea' id='block_1_3' title="bbox 98 633 1545 1783">
    <p class='ocr_par' dir='ltr' id='par_1_3' title="bbox 98 633 1545 1783">
     <span class='ocr_line' id='line_1_3' title="bbox 153 633 1381 717; baseline -0.003 -17"><span class='ocrx_word' id='word_1_14' title='bbox 153 655 190 702; x_wconf 91' lang='lat' dir='ltr'><strong>ac</strong></span> <span class='ocrx_word' id='word_1_15' title='bbox 212 637 313 700; x_wconf 90' lang='lat' dir='ltr'><strong>bouus</strong></span> <span class='ocrx_word' id='word_1_16' title='bbox 337 636 467 717; x_wconf 87' lang='lat' dir='ltr'><strong>sanguis</strong></span> <span class='ocrx_word' id='word_1_17' title='bbox 482 635 595 717; x_wconf 89' lang='lat' dir='ltr'><strong>implet</strong></span> <span class='ocrx_word' id='word_1_18' title='bbox 610 635 754 699; x_wconf 89' lang='lat' dir='ltr'><strong>membra</strong></span> <span class='ocrx_word' id='word_1_19' title='bbox 778 638 810 699; x_wconf 91' lang='lat' dir='ltr'><strong>et</strong></span> <span class='ocrx_word' id='word_1_20' title='bbox 833 634 976 715; x_wconf 78' lang='lat' dir='ltr'>exsurgit</span> <span class='ocrx_word' id='word_1_21' title='bbox 998 633 1075 697; x_wconf 89' lang='lat' dir='ltr'><strong>toris</strong></span> <span class='ocrx_word' id='word_1_22' title='bbox 1095 633 1243 716; x_wconf 90' lang='lat' dir='ltr'><strong>ipsosque</strong></span> <span class='ocrx_word' id='word_1_23' title='bbox 1266 649 1381 697; x_wconf 81' lang='lat' dir='ltr'><strong>nervos</strong></span> 
     </span>
     <span class='ocr_line' id='line_1_4' title="bbox 109 739 1383 824; baseline -0.001 -20"><span class='ocrx_word' id='word_1_24' title='bbox 109 743 248 807; x_wconf 81' lang='lat' dir='ltr'><strong>asrubor</strong></span> <span class='ocrx_word' id='word_1_25' title='bbox 279 743 360 824; x_wconf 87' lang='lat' dir='ltr'><strong>tegit</strong></span> <span class='ocrx_word' id='word_1_26' title='bbox 388 745 421 807; x_wconf 94' lang='lat' dir='ltr'><strong>et</strong></span> <span class='ocrx_word' id='word_1_27' title='bbox 450 742 544 806; x_wconf 89' lang='lat' dir='ltr'><strong>decor</strong></span> <span class='ocrx_word' id='word_1_28' title='bbox 576 741 785 805; x_wconf 74' lang='lat' dir='ltr'><strong>commendat.</strong></span> <span class='ocrx_word' id='word_1_29' title='bbox 831 741 911 804; x_wconf 92' lang='lat' dir='ltr'><strong>Nolo</strong></span> <span class='ocrx_word' id='word_1_30' title='bbox 936 739 1108 806; x_wconf 85' lang='lat' dir='ltr'><strong>Corvinum</strong></span> <span class='ocrx_word' id='word_1_31' title='bbox 1136 739 1274 820; x_wconf 82' lang='lat' dir='ltr'><strong>insequi,</strong></span> <span class='ocrx_word' id='word_1_32' title='bbox 1306 740 1383 820; x_wconf 88' lang='lat' dir='ltr'><strong>quia</strong></span> 
     </span>
     <span class='ocr_line' id='line_1_5' title="bbox 151 847 1381 932; baseline -0.004 -19"><span class='ocrx_word' id='word_1_33' title='bbox 151 868 210 913; x_wconf 93' lang='lat' dir='ltr'><strong>nec</strong></span> <span class='ocrx_word' id='word_1_34' title='bbox 232 867 289 932; x_wconf 88' lang='lat' dir='ltr'><strong>per</strong></span> <span class='ocrx_word' id='word_1_35' title='bbox 311 850 418 932; x_wconf 91' lang='lat' dir='ltr'><strong>ipsum</strong></span> <span class='ocrx_word' id='word_1_36' title='bbox 441 848 549 924; x_wconf 85' lang='lat' dir='ltr'><strong>stet&#39;t,</strong></span> <span class='ocrx_word' id='word_1_37' title='bbox 579 848 771 929; x_wconf 89' lang='lat' dir='ltr'><strong>quominus</strong></span> <span class='ocrx_word' id='word_1_38' title='bbox 794 847 951 912; x_wconf 85' lang='lat' dir='ltr'><strong>laetitiam</strong></span> <span class='ocrx_word' id='word_1_39' title='bbox 973 847 1173 927; x_wconf 88' lang='lat' dir='ltr'><strong>nitoremque</strong></span> <span class='ocrx_word' id='word_1_40' title='bbox 1196 847 1381 910; x_wconf 89' lang='lat' dir='ltr'><strong>nostrorum</strong></span> 
     </span>
     <span class='ocr_line' id='line_1_6' title="bbox 152 951 1383 1037; baseline -0.002 -18"><span class='ocrx_word' id='word_1_41' title='bbox 152 957 332 1037; x_wconf 90' lang='lat' dir='ltr'><strong>temporum</strong></span> <span class='ocrx_word' id='word_1_42' title='bbox 357 956 560 1037; x_wconf 85' lang='lat' dir='ltr'><strong>exprimeret,</strong></span> <span class='ocrx_word' id='word_1_43' title='bbox 589 954 735 1018; x_wconf 83' lang='lat' dir='ltr'><strong>ridemus</strong></span> <span class='ocrx_word' id='word_1_44' title='bbox 765 954 863 1031; x_wconf 91' lang='lat' dir='ltr'><strong>enim,</strong></span> <span class='ocrx_word' id='word_1_45' title='bbox 893 971 991 1035; x_wconf 89' lang='lat' dir='ltr'><strong>quam</strong></span> <span class='ocrx_word' id='word_1_46' title='bbox 1018 952 1132 1016; x_wconf 91' lang='lat' dir='ltr'><strong>iudicio</strong></span> <span class='ocrx_word' id='word_1_47' title='bbox 1161 952 1228 1016; x_wconf 91' lang='lat' dir='ltr'><strong>eius</strong></span> <span class='ocrx_word' id='word_1_48' title='bbox 1252 951 1299 1015; x_wconf 85' lang='lat' dir='ltr'><strong>vis</strong></span> <span class='ocrx_word' id='word_1_49' title='bbox 1323 953 1383 1016; x_wconf 90' lang='lat' dir='ltr'><strong>aut</strong></span> 
     </span>
     <span class='ocr_line' id='line_1_7' title="bbox 153 1059 665 1143; baseline -0.008 -17"><span class='ocrx_word' id='word_1_50' title='bbox 153 1062 251 1126; x_wconf 86' lang='lat' dir='ltr'><strong>animi</strong></span> <span class='ocrx_word' id='word_1_51' title='bbox 275 1065 331 1126; x_wconf 88' lang='lat' dir='ltr'><strong>aut</strong></span> <span class='ocrx_word' id='word_1_52' title='bbox 354 1061 472 1143; x_wconf 86' lang='lat' dir='ltr'><strong>ingenii</strong></span> <span class='ocrx_word' id='word_1_53' title='bbox 496 1059 665 1125; x_wconf 88' lang='lat' dir='ltr'><strong>suffecerit.</strong></span> 
     </span>
     <span class='ocr_line' id='line_1_8' title="bbox 98 1165 1380 1248; baseline -0.005 -14"><span class='ocrx_word' id='word_1_54' title='bbox 98 1173 141 1234; x_wconf 75' lang='lat'><strong>22</strong></span> <span class='ocrx_word' id='word_1_55' title='bbox 242 1168 313 1245; x_wconf 83' lang='lat' dir='ltr'><strong>„Ad</strong></span> <span class='ocrx_word' id='word_1_56' title='bbox 333 1167 517 1234; x_wconf 79' lang='lat' dir='ltr'><strong>Ciceronem</strong></span> <span class='ocrx_word' id='word_1_57' title='bbox 539 1168 639 1244; x_wconf 85' lang='lat' dir='ltr'><strong>venio,</strong></span> <span class='ocrx_word' id='word_1_58' title='bbox 664 1167 715 1231; x_wconf 91' lang='lat' dir='ltr'><strong>cui</strong></span> <span class='ocrx_word' id='word_1_59' title='bbox 738 1166 850 1231; x_wconf 90' lang='lat' dir='ltr'><strong>eadem</strong></span> <span class='ocrx_word' id='word_1_60' title='bbox 873 1183 982 1248; x_wconf 78' lang='lat' dir='ltr'><strong>pugna</strong></span> <span class='ocrx_word' id='word_1_61' title='bbox 1005 1183 1078 1229; x_wconf 90' lang='lat' dir='ltr'><strong>cum</strong></span> <span class='ocrx_word' id='word_1_62' title='bbox 1102 1165 1289 1247; x_wconf 84' lang='lat' dir='ltr'><strong>aequalibus</strong></span> <span class='ocrx_word' id='word_1_63' title='bbox 1313 1165 1380 1228; x_wconf 90' lang='lat' dir='ltr'><strong>suis</strong></span> 
     </span>
     <span class='ocr_line' id='line_1_9' title="bbox 153 1271 1381 1356; baseline -0.003 -18"><span class='ocrx_word' id='word_1_64' title='bbox 153 1274 230 1351; x_wconf 83' lang='lat' dir='ltr'><strong>luit,</strong></span> <span class='ocrx_word' id='word_1_65' title='bbox 266 1293 347 1356; x_wconf 89' lang='lat' dir='ltr'><strong>quae</strong></span> <span class='ocrx_word' id='word_1_66' title='bbox 378 1274 456 1338; x_wconf 91' lang='lat' dir='ltr'><strong>mihi</strong></span> <span class='ocrx_word' id='word_1_67' title='bbox 485 1273 648 1337; x_wconf 85' lang='lat' dir='ltr'><strong>vobiscum</strong></span> <span class='ocrx_word' id='word_1_68' title='bbox 684 1274 742 1337; x_wconf 91' lang='lat' dir='ltr'><strong>est.</strong></span> <span class='ocrx_word' id='word_1_69' title='bbox 793 1271 847 1335; x_wconf 91' lang='lat' dir='ltr'><strong>Illi</strong></span> <span class='ocrx_word' id='word_1_70' title='bbox 877 1272 962 1336; x_wconf 91' lang='lat' dir='ltr'><strong>enim</strong></span> <span class='ocrx_word' id='word_1_71' title='bbox 993 1272 1140 1353; x_wconf 88' lang='lat' dir='ltr'><strong>antiquos</strong></span> <span class='ocrx_word' id='word_1_72' title='bbox 1171 1271 1381 1350; x_wconf 89' lang='lat' dir='ltr'><strong>mirabantur,</strong></span> 
     </span>
     <span class='ocr_line' id='line_1_10' title="bbox 151 1378 1380 1464; baseline -0.003 -19"><span class='ocrx_word' id='word_1_73' title='bbox 151 1381 219 1464; x_wconf 88' lang='lat' dir='ltr'><strong>ipse</strong></span> <span class='ocrx_word' id='word_1_74' title='bbox 256 1399 387 1445; x_wconf 91' lang='lat' dir='ltr'><strong>sucrum</strong></span> <span class='ocrx_word' id='word_1_75' title='bbox 422 1383 602 1462; x_wconf 88' lang='lat' dir='ltr'><strong>temporum</strong></span> <span class='ocrx_word' id='word_1_76' title='bbox 637 1379 853 1460; x_wconf 88' lang='lat' dir='ltr'><strong>eloquentiam</strong></span> <span class='ocrx_word' id='word_1_77' title='bbox 888 1378 1117 1460; x_wconf 80' lang='lat' dir='ltr'><strong>anteponebat3</strong></span> <span class='ocrx_word' id='word_1_78' title='bbox 1152 1397 1211 1442; x_wconf 91' lang='lat' dir='ltr'><strong>nec</strong></span> <span class='ocrx_word' id='word_1_79' title='bbox 1244 1378 1312 1440; x_wconf 91' lang='lat' dir='ltr'><strong>ulla</strong></span> <span class='ocrx_word' id='word_1_80' title='bbox 1345 1396 1380 1442; x_wconf 91' lang='lat' dir='ltr'><strong>re</strong></span> 
     </span>
     <span class='ocr_line' id='line_1_11' title="bbox 151 1483 1380 1569; baseline -0.002 -19"><span class='ocrx_word' id='word_1_81' title='bbox 151 1488 255 1569; x_wconf 85' lang='lat' dir='ltr'><strong>magis</strong></span> <span class='ocrx_word' id='word_1_82' title='bbox 285 1489 426 1552; x_wconf 91' lang='lat' dir='ltr'><strong>oratores</strong></span> <span class='ocrx_word' id='word_1_83' title='bbox 456 1487 571 1550; x_wconf 87' lang='lat' dir='ltr'><strong>aetatis</strong></span> <span class='ocrx_word' id='word_1_84' title='bbox 596 1486 738 1550; x_wconf 91' lang='lat' dir='ltr'><strong>eiusdem</strong></span> <span class='ocrx_word' id='word_1_85' title='bbox 761 1485 939 1568; x_wconf 89' lang='lat' dir='ltr'><strong>praecurrit</strong></span> <span class='ocrx_word' id='word_1_86' title='bbox 962 1503 1060 1566; x_wconf 90' lang='lat' dir='ltr'><strong>quam</strong></span> <span class='ocrx_word' id='word_1_87' title='bbox 1083 1485 1207 1549; x_wconf 91' lang='lat' dir='ltr'><strong>iudicio.</strong></span> <span class='ocrx_word' id='word_1_88' title='bbox 1252 1483 1380 1548; x_wconf 90' lang='lat' dir='ltr'><strong>Primus</strong></span> 
     </span>
     <span class='ocr_line' id='line_1_12' title="bbox 127 1590 1381 1675; baseline -0.001 -20"><span class='ocrx_word' id='word_1_89' title='bbox 127 1594 237 1658; x_wconf 83' lang='lat' dir='ltr'><strong>sanim</strong></span> <span class='ocrx_word' id='word_1_90' title='bbox 261 1594 398 1659; x_wconf 82' lang='lat' dir='ltr'><strong>excoluit</strong></span> <span class='ocrx_word' id='word_1_91' title='bbox 421 1594 611 1670; x_wconf 87' lang='lat' dir='ltr'><strong>orationem,</strong></span> <span class='ocrx_word' id='word_1_92' title='bbox 642 1593 764 1675; x_wconf 87' lang='lat' dir='ltr'><strong>primus</strong></span> <span class='ocrx_word' id='word_1_93' title='bbox 794 1595 827 1656; x_wconf 89' lang='lat' dir='ltr'><strong>et</strong></span> <span class='ocrx_word' id='word_1_94' title='bbox 857 1592 961 1656; x_wconf 85' lang='lat' dir='ltr'><strong>verbis</strong></span> <span class='ocrx_word' id='word_1_95' title='bbox 985 1591 1144 1655; x_wconf 87' lang='lat' dir='ltr'><strong>delectum</strong></span> <span class='ocrx_word' id='word_1_96' title='bbox 1174 1590 1319 1655; x_wconf 86' lang='lat' dir='ltr'><strong>adhibuit</strong></span> <span class='ocrx_word' id='word_1_97' title='bbox 1347 1592 1381 1655; x_wconf 90' lang='lat' dir='ltr'><strong>at</strong></span> 
     </span>
     <span class='ocr_line' id='line_1_13' title="bbox 153 1697 1545 1783; baseline -0.001 -19"><span class='ocrx_word' id='word_1_98' title='bbox 153 1701 372 1783; x_wconf 80' lang='lat' dir='ltr'><strong>compositioni</strong></span> <span class='ocrx_word' id='word_1_99' title='bbox 396 1702 512 1776; x_wconf 87' lang='lat' dir='ltr'><strong>artem,</strong></span> <span class='ocrx_word' id='word_1_100' title='bbox 541 1700 625 1764; x_wconf 91' lang='lat' dir='ltr'><strong>locos</strong></span> <span class='ocrx_word' id='word_1_101' title='bbox 651 1718 776 1781; x_wconf 90' lang='lat' dir='ltr'><strong>quoque</strong></span> <span class='ocrx_word' id='word_1_102' title='bbox 800 1700 947 1763; x_wconf 88' lang='lat' dir='ltr'><strong>laetiores</strong></span> <span class='ocrx_word' id='word_1_103' title='bbox 972 1698 1144 1763; x_wconf 86' lang='lat' dir='ltr'><strong>attentavit</strong></span> <span class='ocrx_word' id='word_1_104' title='bbox 1167 1699 1200 1762; x_wconf 93' lang='lat' dir='ltr'><strong>et</strong></span> <span class='ocrx_word' id='word_1_105' title='bbox 1224 1697 1381 1779; x_wconf 90' lang='lat' dir='ltr'><strong>quasdam</strong></span> <span class='ocrx_word' id='word_1_106' title='bbox 1488 1757 1493 1770; x_wconf 83' lang='lat'><strong>,</strong></span> <span class='ocrx_word' id='word_1_107' title='bbox 1543 1737 1545 1744; x_wconf 32' lang='grc' dir='ltr'><strong><em>ι</em></strong></span> 
     </span>
    </p>
   </div>
   <div class='ocr_carea' id='block_1_4' title="bbox 149 1891 1545 4455">
    <p class='ocr_par' dir='ltr' id='par_1_4' title="bbox 149 1891 1545 4455">
     <span class='ocr_line' id='line_1_14' title="bbox 151 1891 1382 1964; baseline -0.002 -17"><span class='ocrx_word' id='word_1_108' title='bbox 151 1896 180 1948; x_wconf 91' lang='lat' dir='ltr'><strong>et</strong></span> <span class='ocrx_word' id='word_1_109' title='bbox 197 1894 340 1964; x_wconf 89' lang='lat' dir='ltr'><strong>inopiam“.</strong></span> <span class='ocrx_word' id='word_1_110' title='bbox 369 1894 429 1962; x_wconf 83' lang='lat' dir='ltr'><strong>Vgl.</strong></span> <span class='ocrx_word' id='word_1_111' title='bbox 449 1894 556 1962; x_wconf 77' lang='lat'><strong>23,13:</strong></span> <span class='ocrx_word' id='word_1_112' title='bbox 577 1895 738 1961; x_wconf 86' lang='lat' dir='ltr'><strong>„sanitatem</strong></span> <span class='ocrx_word' id='word_1_113' title='bbox 794 1894 869 1948; x_wconf 91' lang='lat' dir='ltr'><strong>ten“.</strong></span> <span class='ocrx_word' id='word_1_114' title='bbox 901 1909 985 1962; x_wconf 82' lang='lat' dir='ltr'><strong>qnam</strong></span> <span class='ocrx_word' id='word_1_115' title='bbox 1004 1892 1072 1959; x_wconf 85' lang='lat' dir='ltr'><strong>„wie</strong></span> <span class='ocrx_word' id='word_1_116' title='bbox 1086 1891 1177 1957; x_wconf 90' lang='lat' dir='ltr'><strong>sebr“,</strong></span> <span class='ocrx_word' id='word_1_117' title='bbox 1195 1892 1223 1944; x_wconf 93' lang='lat' dir='ltr'><strong>in</strong></span> <span class='ocrx_word' id='word_1_118' title='bbox 1236 1891 1382 1945; x_wconf 89' lang='lat' dir='ltr'><strong>ironischer</strong></span> 
     </span>
     <span class='ocr_line' id='line_1_15' title="bbox 151 1979 1380 2052; baseline -0.002 -16"><span class='ocrx_word' id='word_1_119' title='bbox 151 1999 203 2036; x_wconf 94' lang='lat' dir='ltr'><strong>non</strong></span> <span class='ocrx_word' id='word_1_120' title='bbox 212 1981 347 2049; x_wconf 87' lang='lat' dir='ltr'><strong>firmitate,</strong></span> <span class='ocrx_word' id='word_1_121' title='bbox 358 1983 404 2036; x_wconf 91' lang='lat' dir='ltr'><strong>sed</strong></span> <span class='ocrx_word' id='word_1_122' title='bbox 413 1982 508 2036; x_wconf 90' lang='lat' dir='ltr'><strong>ieiunio</strong></span> <span class='ocrx_word' id='word_1_123' title='bbox 518 1983 738 2052; x_wconf 87' lang='lat' dir='ltr'><strong>consequuntur“.</strong></span> <span class='ocrx_word' id='word_1_124' title='bbox 793 1981 932 2050; x_wconf 86' lang='lat' dir='ltr'><strong>hleinnug,</strong></span> <span class='ocrx_word' id='word_1_125' title='bbox 957 1981 1024 2035; x_wconf 87' lang='lat' dir='ltr'><strong>nach</strong></span> <span class='ocrx_word' id='word_1_126' title='bbox 1049 1981 1128 2034; x_wconf 82' lang='lat' dir='ltr'><strong>video</strong></span> <span class='ocrx_word' id='word_1_127' title='bbox 1153 1981 1192 2034; x_wconf 84' lang='lat' dir='ltr'><strong>cit</strong></span> <span class='ocrx_word' id='word_1_128' title='bbox 1215 1981 1257 2034; x_wconf 92' lang='lat' dir='ltr'><strong>bei</strong></span> <span class='ocrx_word' id='word_1_129' title='bbox 1282 1979 1380 2048; x_wconf 85' lang='lat' dir='ltr'><strong>Cicero,</strong></span> 
     </span>
     <span class='ocr_line' id='line_1_16' title="bbox 188 2069 1380 2140; baseline -0.003 -14"><span class='ocrx_word' id='word_1_130' title='bbox 188 2071 259 2139; x_wconf 82' lang='lat' dir='ltr'><strong>csso]</strong></span> <span class='ocrx_word' id='word_1_131' title='bbox 285 2087 306 2125; x_wconf 87' lang='lat' dir='ltr'><strong>s.</strong></span> <span class='ocrx_word' id='word_1_132' title='bbox 326 2088 357 2124; x_wconf 86' lang='lat' dir='ltr'><strong>zu</strong></span> <span class='ocrx_word' id='word_1_133' title='bbox 376 2072 424 2137; x_wconf 79' lang='lat'><strong>21,</strong></span> <span class='ocrx_word' id='word_1_134' title='bbox 448 2071 473 2126; x_wconf 81' lang='lat'><strong>4.</strong></span> <span class='ocrx_word' id='word_1_135' title='bbox 500 2101 534 2110; x_wconf 96' lang='lat'>-</span> <span class='ocrx_word' id='word_1_136' title='bbox 559 2071 738 2140; x_wconf 79' lang='lat' dir='ltr'><strong>temperatus]</strong></span> <span class='ocrx_word' id='word_1_137' title='bbox 792 2070 825 2124; x_wconf 90' lang='lat' dir='ltr'><strong>ds</strong></span> <span class='ocrx_word' id='word_1_138' title='bbox 843 2087 880 2125; x_wconf 88' lang='lat' dir='ltr'><strong>or.</strong></span> <span class='ocrx_word' id='word_1_139' title='bbox 898 2070 939 2137; x_wconf 89' lang='grc' dir='ltr'><strong>ΙΙ,</strong></span> <span class='ocrx_word' id='word_1_140' title='bbox 960 2071 1024 2124; x_wconf 89' lang='lat'>180:</span> <span class='ocrx_word' id='word_1_141' title='bbox 1051 2070 1130 2136; x_wconf 84' lang='lat' dir='ltr'><strong>„vide</strong></span> <span class='ocrx_word' id='word_1_142' title='bbox 1149 2086 1227 2140; x_wconf 89' lang='lat' dir='ltr'><strong>quam</strong></span> <span class='ocrx_word' id='word_1_143' title='bbox 1246 2069 1296 2123; x_wconf 92' lang='lat' dir='ltr'><strong>sim</strong></span> <span class='ocrx_word' id='word_1_144' title='bbox 1315 2069 1380 2123; x_wconf 86' lang='lat' dir='ltr'><strong>deus</strong></span> 
     </span>
     <span class='ocr_line' id='line_1_17' title="bbox 153 2159 1380 2228; baseline 0.001 -17"><span class='ocrx_word' id='word_1_145' title='bbox 153 2159 402 2226; x_wconf 86' lang='lat' dir='ltr'><strong>„wohlgemischt“.</strong></span> <span class='ocrx_word' id='word_1_146' title='bbox 424 2189 452 2196; x_wconf 90' lang='lat'>-</span> <span class='ocrx_word' id='word_1_147' title='bbox 478 2160 605 2228; x_wconf 73' lang='lat' dir='ltr'><strong>sanquis]</strong></span> <span class='ocrx_word' id='word_1_148' title='bbox 625 2160 665 2213; x_wconf 89' lang='lat' dir='ltr'><strong>als</strong></span> <span class='ocrx_word' id='word_1_149' title='bbox 683 2159 738 2214; x_wconf 79' lang='lat' dir='ltr'><strong>Sita</strong></span> <span class='ocrx_word' id='word_1_150' title='bbox 793 2159 820 2212; x_wconf 88' lang='lat' dir='ltr'><strong>in</strong></span> <span class='ocrx_word' id='word_1_151' title='bbox 838 2160 890 2213; x_wconf 88' lang='lat' dir='ltr'><strong>isto</strong></span> <span class='ocrx_word' id='word_1_152' title='bbox 905 2159 1030 2226; x_wconf 87' lang='lat' dir='ltr'><strong>genere“.</strong></span> <span class='ocrx_word' id='word_1_153' title='bbox 1062 2159 1111 2226; x_wconf 91' lang='grc' dir='ltr'><strong>ΠΙ,</strong></span> <span class='ocrx_word' id='word_1_154' title='bbox 1125 2159 1174 2213; x_wconf 83' lang='lat'><strong>51:</strong></span> <span class='ocrx_word' id='word_1_155' title='bbox 1194 2159 1287 2224; x_wconf 81' lang='lat' dir='ltr'><strong>„rides</strong></span> <span class='ocrx_word' id='word_1_156' title='bbox 1301 2175 1380 2228; x_wconf 91' lang='lat' dir='ltr'><strong>quam</strong></span> 
     </span>
     <span class='ocr_line' id='line_1_18' title="bbox 152 2247 1381 2317; baseline 0 -16"><span class='ocrx_word' id='word_1_157' title='bbox 152 2248 198 2301; x_wconf 90' lang='lat' dir='ltr'><strong>der</strong></span> <span class='ocrx_word' id='word_1_158' title='bbox 225 2248 409 2315; x_wconf 87' lang='lat' dir='ltr'><strong>Lebenskralt,</strong></span> <span class='ocrx_word' id='word_1_159' title='bbox 442 2249 611 2302; x_wconf 88' lang='lat' dir='ltr'><strong>sinnbildlich</strong></span> <span class='ocrx_word' id='word_1_160' title='bbox 641 2248 739 2303; x_wconf 90' lang='lat' dir='ltr'><strong>sowohl</strong></span> <span class='ocrx_word' id='word_1_161' title='bbox 793 2247 858 2301; x_wconf 89' lang='lat' dir='ltr'><strong>alias</strong></span> <span class='ocrx_word' id='word_1_162' title='bbox 872 2263 914 2300; x_wconf 91' lang='lat' dir='ltr'><strong>res</strong></span> <span class='ocrx_word' id='word_1_163' title='bbox 928 2263 1044 2316; x_wconf 78' lang='lat' dir='ltr'><strong>agamm,</strong></span> <span class='ocrx_word' id='word_1_164' title='bbox 1064 2263 1142 2317; x_wconf 89' lang='lat' dir='ltr'><strong>quam</strong></span> <span class='ocrx_word' id='word_1_165' title='bbox 1161 2250 1187 2300; x_wconf 88' lang='lat' dir='ltr'><strong>te</strong></span> <span class='ocrx_word' id='word_1_166' title='bbox 1201 2247 1278 2301; x_wconf 88' lang='lat' dir='ltr'><strong>inviti</strong></span> <span class='ocrx_word' id='word_1_167' title='bbox 1292 2247 1381 2301; x_wconf 84' lang='lat' dir='ltr'><strong>audie·</strong></span> 
     </span>
     <span class='ocr_line' id='line_1_19' title="bbox 152 2336 1380 2405; baseline 0.001 -16"><span class='ocrx_word' id='word_1_168' title='bbox 152 2353 201 2390; x_wconf 89' lang='lat' dir='ltr'><strong>von</strong></span> <span class='ocrx_word' id='word_1_169' title='bbox 215 2336 290 2391; x_wconf 85' lang='lat' dir='ltr'><strong>Fiille</strong></span> <span class='ocrx_word' id='word_1_170' title='bbox 308 2337 363 2390; x_wconf 92' lang='lat' dir='ltr'><strong>und</strong></span> <span class='ocrx_word' id='word_1_171' title='bbox 376 2337 462 2403; x_wconf 87' lang='lat' dir='ltr'><strong>Kraft,</strong></span> <span class='ocrx_word' id='word_1_172' title='bbox 482 2337 521 2390; x_wconf 89' lang='lat' dir='ltr'><strong>als</strong></span> <span class='ocrx_word' id='word_1_173' title='bbox 540 2337 606 2390; x_wconf 90' lang='lat' dir='ltr'><strong>auch</strong></span> <span class='ocrx_word' id='word_1_174' title='bbox 625 2354 674 2391; x_wconf 86' lang='lat' dir='ltr'><strong>von</strong></span> <span class='ocrx_word' id='word_1_175' title='bbox 693 2337 739 2391; x_wconf 91' lang='lat' dir='ltr'><strong>der</strong></span> <span class='ocrx_word' id='word_1_176' title='bbox 792 2337 882 2390; x_wconf 88' lang='lat' dir='ltr'><strong>mus“.</strong></span> <span class='ocrx_word' id='word_1_177' title='bbox 903 2366 935 2374; x_wconf 95' lang='lat'><strong>—</strong></span> <span class='ocrx_word' id='word_1_178' title='bbox 962 2336 998 2388; x_wconf 89' lang='lat' dir='ltr'><strong>Zu</strong></span> <span class='ocrx_word' id='word_1_179' title='bbox 1019 2337 1060 2390; x_wconf 81' lang='lat' dir='ltr'><strong>cis</strong></span> <span class='ocrx_word' id='word_1_180' title='bbox 1079 2341 1132 2391; x_wconf 76' lang='lat' dir='ltr'><strong>cat</strong></span> <span class='ocrx_word' id='word_1_181' title='bbox 1149 2337 1239 2391; x_wconf 70' lang='lat' dir='ltr'><strong>maioni</strong></span> <span class='ocrx_word' id='word_1_182' title='bbox 1257 2339 1307 2391; x_wconf 84' lang='lat' dir='ltr'><strong>etc</strong></span> <span class='ocrx_word' id='word_1_183' title='bbox 1326 2337 1380 2405; x_wconf 84' lang='lat' dir='ltr'><strong>vgl.</strong></span> 
     </span>
     <span class='ocr_line' id='line_1_20' title="bbox 151 2425 1545 2500; baseline 0.001 -22"><span class='ocrx_word' id='word_1_184' title='bbox 151 2426 317 2479; x_wconf 89' lang='lat' dir='ltr'><strong>natdrlichen</strong></span> <span class='ocrx_word' id='word_1_185' title='bbox 331 2426 542 2480; x_wconf 85' lang='lat' dir='ltr'><strong>Heraenswiirmo</strong></span> <span class='ocrx_word' id='word_1_186' title='bbox 561 2426 607 2480; x_wconf 88' lang='lat' dir='ltr'><strong>der</strong></span> <span class='ocrx_word' id='word_1_187' title='bbox 622 2427 739 2480; x_wconf 92' lang='lat' dir='ltr'><strong>Darstel·</strong></span> <span class='ocrx_word' id='word_1_188' title='bbox 792 2426 833 2480; x_wconf 93' lang='lat' dir='ltr'><strong>ob.</strong></span> <span class='ocrx_word' id='word_1_189' title='bbox 854 2425 983 2492; x_wconf 80' lang='lat' dir='ltr'><strong>„Calvum</strong></span> <span class='ocrx_word' id='word_1_190' title='bbox 996 2425 1156 2480; x_wconf 84' lang='lat' dir='ltr'><strong>intellexisse</strong></span> <span class='ocrx_word' id='word_1_191' title='bbox 1172 2465 1214 2480; x_wconf 93' lang='lat'><strong>...</strong></span> <span class='ocrx_word' id='word_1_192' title='bbox 1229 2443 1276 2479; x_wconf 92' lang='lat' dir='ltr'><strong>nec</strong></span> <span class='ocrx_word' id='word_1_193' title='bbox 1291 2426 1379 2479; x_wconf 87' lang='lat' dir='ltr'><strong>volun·</strong></span> <span class='ocrx_word' id='word_1_194' title='bbox 1494 2485 1524 2500; x_wconf 70' lang='lat'><strong>‚.</strong></span> <span class='ocrx_word' id='word_1_195' title='bbox 1542 2463 1545 2498; x_wconf 66' lang='lat'><strong>⁴,</strong></span> 
     </span>
     <span class='ocr_line' id='line_1_21' title="bbox 151 2513 1380 2585; baseline 0.001 -18"><span class='ocrx_word' id='word_1_196' title='bbox 151 2513 223 2582; x_wconf 87' lang='lat' dir='ltr'><strong>lang.</strong></span> <span class='ocrx_word' id='word_1_197' title='bbox 261 2513 485 2570; x_wconf 69' lang='lat' dir='ltr'><strong>Cicerocum:</strong></span> <span class='ocrx_word' id='word_1_198' title='bbox 506 2531 617 2583; x_wconf 88' lang='lat' dir='ltr'><strong>„verum</strong></span> <span class='ocrx_word' id='word_1_199' title='bbox 635 2517 739 2585; x_wconf 82' lang='lat' dir='ltr'><strong>sangui·</strong></span> <span class='ocrx_word' id='word_1_200' title='bbox 792 2517 876 2568; x_wconf 86' lang='lat' dir='ltr'><strong>tatem</strong></span> <span class='ocrx_word' id='word_1_201' title='bbox 958 2514 1003 2568; x_wconf 91' lang='lat' dir='ltr'><strong>sed</strong></span> <span class='ocrx_word' id='word_1_202' title='bbox 1028 2515 1163 2583; x_wconf 82' lang='lat' dir='ltr'><strong>ingenium</strong></span> <span class='ocrx_word' id='word_1_203' title='bbox 1187 2531 1217 2568; x_wconf 90' lang='lat' dir='ltr'><strong>ae</strong></span> <span class='ocrx_word' id='word_1_204' title='bbox 1242 2515 1309 2568; x_wconf 85' lang='lat' dir='ltr'><strong>vires</strong></span> <span class='ocrx_word' id='word_1_205' title='bbox 1337 2515 1380 2568; x_wconf 92' lang='lat' dir='ltr'><strong>de-</strong></span> 
     </span>
     <span class='ocr_line' id='line_1_22' title="bbox 151 2602 1382 2674; baseline 0.002 -19"><span class='ocrx_word' id='word_1_206' title='bbox 151 2602 409 2672; x_wconf 85' lang='lat' dir='ltr'><strong>nemdeperdsbat“.</strong></span> <span class='ocrx_word' id='word_1_207' title='bbox 435 2603 467 2656; x_wconf 89' lang='lat' dir='ltr'><strong>de</strong></span> <span class='ocrx_word' id='word_1_208' title='bbox 477 2603 571 2670; x_wconf 88' lang='lat' dir='ltr'><strong>or.HI,</strong></span> <span class='ocrx_word' id='word_1_209' title='bbox 582 2605 645 2658; x_wconf 86' lang='lat'>199:</span> <span class='ocrx_word' id='word_1_210' title='bbox 659 2621 738 2670; x_wconf 92' lang='lat' dir='ltr'><strong>„san·</strong></span> <span class='ocrx_word' id='word_1_211' title='bbox 792 2604 902 2657; x_wconf 85' lang='lat' dir='ltr'><strong>fuissa“.</strong></span> <span class='ocrx_word' id='word_1_212' title='bbox 923 2631 957 2644; x_wconf 89' lang='lat'><em>-</em></span> <span class='ocrx_word' id='word_1_213' title='bbox 976 2603 1050 2658; x_wconf 83' lang='lat' dir='ltr'><strong>Auch</strong></span> <span class='ocrx_word' id='word_1_214' title='bbox 1064 2602 1190 2658; x_wconf 82' lang='lat' dir='ltr'><strong>Corvinus</strong></span> <span class='ocrx_word' id='word_1_215' title='bbox 1204 2604 1382 2674; x_wconf 87' lang='lat' dir='ltr'><strong>besalsnicht</strong></span> 
     </span>
     <span class='ocr_line' id='line_1_23' title="bbox 151 2691 1381 2761; baseline 0.002 -18"><span class='ocrx_word' id='word_1_216' title='bbox 151 2691 230 2758; x_wconf 85' lang='lat' dir='ltr'><strong>guina</strong></span> <span class='ocrx_word' id='word_1_217' title='bbox 249 2691 360 2744; x_wconf 86' lang='lat' dir='ltr'><strong>diffusus</strong></span> <span class='ocrx_word' id='word_1_218' title='bbox 428 2693 528 2745; x_wconf 82' lang='lat' dir='ltr'><strong>rolcr“.</strong></span> <span class='ocrx_word' id='word_1_219' title='bbox 548 2721 582 2732; x_wconf 89' lang='lat'><em>-</em></span> <span class='ocrx_word' id='word_1_220' title='bbox 602 2693 737 2761; x_wconf 74' lang='lat' dir='ltr'><strong>casenya&#39;t]</strong></span> <span class='ocrx_word' id='word_1_221' title='bbox 792 2693 903 2760; x_wconf 86' lang='lat' dir='ltr'><strong>geistige</strong></span> <span class='ocrx_word' id='word_1_222' title='bbox 922 2691 1082 2761; x_wconf 86' lang='lat' dir='ltr'><strong>Spannhraft</strong></span> <span class='ocrx_word' id='word_1_223' title='bbox 1099 2692 1153 2745; x_wconf 90' lang='lat' dir='ltr'><strong>und</strong></span> <span class='ocrx_word' id='word_1_224' title='bbox 1172 2693 1316 2761; x_wconf 85' lang='lat' dir='ltr'><strong>Begabnng</strong></span> <span class='ocrx_word' id='word_1_225' title='bbox 1336 2711 1381 2761; x_wconf 86' lang='lat' dir='ltr'><strong>ge·</strong></span> 
     </span>
     <span class='ocr_line' id='line_1_24' title="bbox 150 2779 1379 2848; baseline 0.003 -16"><span class='ocrx_word' id='word_1_226' title='bbox 150 2779 241 2832; x_wconf 89' lang='lat' dir='ltr'><strong>macht</strong></span> <span class='ocrx_word' id='word_1_227' title='bbox 269 2780 310 2833; x_wconf 91' lang='lat' dir='ltr'><strong>dia</strong></span> <span class='ocrx_word' id='word_1_228' title='bbox 335 2780 456 2833; x_wconf 87' lang='lat' dir='ltr'><strong>Musheln</strong></span> <span class='ocrx_word' id='word_1_229' title='bbox 483 2781 655 2834; x_wconf 84' lang='lat' dir='ltr'><strong>ansehwellen</strong></span> <span class='ocrx_word' id='word_1_230' title='bbox 685 2780 738 2834; x_wconf 89' lang='lat' dir='ltr'><strong>und</strong></span> <span class='ocrx_word' id='word_1_231' title='bbox 792 2797 854 2848; x_wconf 83' lang='lat' dir='ltr'><strong>nug,</strong></span> <span class='ocrx_word' id='word_1_232' title='bbox 869 2797 913 2833; x_wconf 91' lang='lat' dir='ltr'><strong>um</strong></span> <span class='ocrx_word' id='word_1_233' title='bbox 928 2780 1379 2846; x_wconf 77' lang='lat' dir='ltr'><strong>seineuKuustversttindnis(ircda&#39;·</strong></span> 
     </span>
     <span class='ocr_line' id='line_1_25' title="bbox 151 2867 1381 2939; baseline 0.001 -18"><span class='ocrx_word' id='word_1_234' title='bbox 151 2867 216 2921; x_wconf 87' lang='lat' dir='ltr'><strong>habt</strong></span> <span class='ocrx_word' id='word_1_235' title='bbox 240 2868 295 2922; x_wconf 93' lang='lat' dir='ltr'><strong>sich</strong></span> <span class='ocrx_word' id='word_1_236' title='bbox 321 2885 350 2921; x_wconf 93' lang='lat' dir='ltr'><strong>so</strong></span> <span class='ocrx_word' id='word_1_237' title='bbox 368 2868 510 2936; x_wconf 86' lang='lat' dir='ltr'><strong>gleichsam</strong></span> <span class='ocrx_word' id='word_1_238' title='bbox 528 2869 578 2922; x_wconf 91' lang='lat' dir='ltr'><strong>mit</strong></span> <span class='ocrx_word' id='word_1_239' title='bbox 596 2868 684 2922; x_wconf 90' lang='lat' dir='ltr'><strong>ihnen.</strong></span> <span class='ocrx_word' id='word_1_240' title='bbox 703 2898 738 2908; x_wconf 95' lang='lat'><em>-</em></span> <span class='ocrx_word' id='word_1_241' title='bbox 792 2869 877 2935; x_wconf 74' lang='lat' dir='ltr'><strong>sirone)</strong></span> <span class='ocrx_word' id='word_1_242' title='bbox 896 2868 1087 2938; x_wconf 89' lang='lat' dir='ltr'><strong>entsprechend</strong></span> <span class='ocrx_word' id='word_1_243' title='bbox 1102 2869 1277 2939; x_wconf 82' lang='lat' dir='ltr'><strong>sshdpferisch</strong></span> <span class='ocrx_word' id='word_1_244' title='bbox 1291 2870 1381 2938; x_wconf 78' lang='lat' dir='ltr'><strong>thetig</strong></span> 
     </span>
     <span class='ocr_line' id='line_1_26' title="bbox 151 2957 1380 3029; baseline 0.002 -19"><span class='ocrx_word' id='word_1_245' title='bbox 151 2957 217 3024; x_wconf 76' lang='lat' dir='ltr'><strong>toni]</strong></span> <span class='ocrx_word' id='word_1_246' title='bbox 232 2957 338 3024; x_wconf 88' lang='lat' dir='ltr'><strong>eigentl.</strong></span> <span class='ocrx_word' id='word_1_247' title='bbox 351 2957 505 3024; x_wconf 89' lang='lat' dir='ltr'><strong>,‚Polster“,</strong></span> <span class='ocrx_word' id='word_1_248' title='bbox 519 2958 565 3012; x_wconf 91' lang='lat' dir='ltr'><strong>der</strong></span> <span class='ocrx_word' id='word_1_249' title='bbox 575 2958 657 3011; x_wconf 83' lang='lat' dir='ltr'><strong>durch</strong></span> <span class='ocrx_word' id='word_1_250' title='bbox 666 2975 738 3026; x_wconf 83' lang='lat' dir='ltr'><strong>gym-</strong></span> <span class='ocrx_word' id='word_1_251' title='bbox 793 2973 823 3010; x_wconf 84' lang='lat' dir='ltr'><strong>aa</strong></span> <span class='ocrx_word' id='word_1_252' title='bbox 839 2958 902 3012; x_wconf 88' lang='lat' dir='ltr'><strong>sein.</strong></span> <span class='ocrx_word' id='word_1_253' title='bbox 926 2957 985 3025; x_wconf 82' lang='lat' dir='ltr'><strong>Vgl.</strong></span> <span class='ocrx_word' id='word_1_254' title='bbox 1001 2958 1064 3010; x_wconf 89' lang='lat' dir='ltr'><strong>dher</strong></span> <span class='ocrx_word' id='word_1_255' title='bbox 1078 2958 1124 3012; x_wconf 90' lang='lat' dir='ltr'><strong>ihu</strong></span> <span class='ocrx_word' id='word_1_256' title='bbox 1138 2976 1170 3013; x_wconf 89' lang='lat' dir='ltr'><strong>zu</strong></span> <span class='ocrx_word' id='word_1_257' title='bbox 1183 2958 1250 3029; x_wconf 86' lang='lat' dir='ltr'><strong>Kap.</strong></span> <span class='ocrx_word' id='word_1_258' title='bbox 1268 2960 1301 3013; x_wconf 81' lang='lat'><strong>12</strong></span> <span class='ocrx_word' id='word_1_259' title='bbox 1315 2976 1338 3012; x_wconf 90' lang='lat' dir='ltr'><strong>a.</strong></span> <span class='ocrx_word' id='word_1_260' title='bbox 1348 2959 1380 3013; x_wconf 76' lang='lat' dir='ltr'><strong>n.</strong></span> 
     </span>
     <span class='ocr_line' id='line_1_27' title="bbox 150 3035 738 3115; baseline 0.005 -17"><span class='ocrx_word' id='word_1_261' title='bbox 150 3046 284 3098; x_wconf 90' lang='lat' dir='ltr'><strong>nastische</strong></span> <span class='ocrx_word' id='word_1_262' title='bbox 298 3035 427 3114; x_wconf 82' lang='lat' dir='ltr'><strong>llhungen</strong></span> <span class='ocrx_word' id='word_1_263' title='bbox 446 3046 496 3112; x_wconf 83' lang='lat' dir='ltr'><strong>(oft</strong></span> <span class='ocrx_word' id='word_1_264' title='bbox 513 3047 645 3115; x_wconf 84' lang='lat' dir='ltr'><strong>einseitig)</strong></span> <span class='ocrx_word' id='word_1_265' title='bbox 664 3047 738 3101; x_wconf 80' lang='lat' dir='ltr'><strong>starls</strong></span> 
     </span>
     <span class='ocr_line' id='line_1_28' title="bbox 151 3133 1380 3204; baseline 0.004 -18"><span class='ocrx_word' id='word_1_266' title='bbox 151 3135 333 3188; x_wconf 85' lang='lat' dir='ltr'><strong>entwiekelten</strong></span> <span class='ocrx_word' id='word_1_267' title='bbox 348 3135 476 3188; x_wconf 86' lang='lat' dir='ltr'><strong>Muskelu.</strong></span> <span class='ocrx_word' id='word_1_268' title='bbox 510 3134 600 3200; x_wconf 79' lang='lat' dir='ltr'><strong>Quint.</strong></span> <span class='ocrx_word' id='word_1_269' title='bbox 610 3136 643 3201; x_wconf 88' lang='lat' dir='ltr'><strong>X,</strong></span> <span class='ocrx_word' id='word_1_270' title='bbox 655 3137 678 3202; x_wconf 87' lang='lat'><strong>1,</strong></span> <span class='ocrx_word' id='word_1_271' title='bbox 689 3136 737 3190; x_wconf 84' lang='lat'><strong>33:</strong></span> <span class='ocrx_word' id='word_1_272' title='bbox 828 3134 905 3204; x_wconf 67' lang='grc' dir='ltr'><strong>Καρ.</strong></span> <span class='ocrx_word' id='word_1_273' title='bbox 938 3134 989 3190; x_wconf 73' lang='grc'><strong>22.</strong></span> <span class='ocrx_word' id='word_1_274' title='bbox 1037 3133 1183 3201; x_wconf 84' lang='lat' dir='ltr'><strong>Quintilian</strong></span> <span class='ocrx_word' id='word_1_275' title='bbox 1214 3140 1298 3190; x_wconf 91' lang='lat' dir='ltr'><strong>neunt</strong></span> <span class='ocrx_word' id='word_1_276' title='bbox 1329 3137 1380 3192; x_wconf 72' lang='lat' dir='ltr'><strong>cleu</strong></span> 
     </span>
     <span class='ocr_line' id='line_1_29' title="bbox 152 3223 1380 3292; baseline 0.004 -17"><span class='ocrx_word' id='word_1_277' title='bbox 152 3223 380 3290; x_wconf 89' lang='lat' dir='ltr'><strong>‚,meminerimus,</strong></span> <span class='ocrx_word' id='word_1_278' title='bbox 406 3240 457 3278; x_wconf 90' lang='lat' dir='ltr'><strong>non</strong></span> <span class='ocrx_word' id='word_1_279' title='bbox 482 3224 642 3278; x_wconf 86' lang='lat' dir='ltr'><strong>athletarum</strong></span> <span class='ocrx_word' id='word_1_280' title='bbox 662 3225 736 3292; x_wconf 88' lang='lat' dir='ltr'><strong>toris,</strong></span> <span class='ocrx_word' id='word_1_281' title='bbox 792 3223 913 3279; x_wconf 86' lang='lat' dir='ltr'><strong>Cicero</strong></span> <span class='ocrx_word' id='word_1_282' title='bbox 938 3225 978 3278; x_wconf 87' lang='lat' dir='ltr'><strong>als</strong></span> <span class='ocrx_word' id='word_1_283' title='bbox 1002 3224 1107 3279; x_wconf 78' lang='lat' dir='ltr'><strong>Rednm</strong></span> <span class='ocrx_word' id='word_1_284' title='bbox 1134 3229 1202 3279; x_wconf 87' lang='lat' dir='ltr'><strong>stets</strong></span> <span class='ocrx_word' id='word_1_285' title='bbox 1227 3226 1277 3279; x_wconf 92' lang='lat' dir='ltr'><strong>mit</strong></span> <span class='ocrx_word' id='word_1_286' title='bbox 1301 3227 1380 3280; x_wconf 88' lang='lat' dir='ltr'><strong>unbe-</strong></span> 
     </span>
     <span class='ocr_line' id='line_1_30' title="bbox 150 3311 1381 3384; baseline 0.003 -20"><span class='ocrx_word' id='word_1_287' title='bbox 150 3311 195 3364; x_wconf 92' lang='lat' dir='ltr'><strong>sed</strong></span> <span class='ocrx_word' id='word_1_288' title='bbox 220 3312 335 3366; x_wconf 88' lang='lat' dir='ltr'><strong>militum</strong></span> <span class='ocrx_word' id='word_1_289' title='bbox 362 3313 469 3366; x_wconf 88' lang='lat' dir='ltr'><strong>lacertis</strong></span> <span class='ocrx_word' id='word_1_290' title='bbox 497 3329 562 3384; x_wconf 91' lang='lat' dir='ltr'><strong>opus</strong></span> <span class='ocrx_word' id='word_1_291' title='bbox 589 3315 677 3367; x_wconf 91' lang='lat' dir='ltr'><strong>esse“.</strong></span> <span class='ocrx_word' id='word_1_292' title='bbox 705 3341 735 3352; x_wconf 82' lang='lat'><em>—</em></span> <span class='ocrx_word' id='word_1_293' title='bbox 792 3313 958 3367; x_wconf 78' lang='lat' dir='ltr'><strong>sohrdnhtem</strong></span> <span class='ocrx_word' id='word_1_294' title='bbox 972 3313 1049 3381; x_wconf 84' lang='lat' dir='ltr'><strong>Labe,</strong></span> <span class='ocrx_word' id='word_1_295' title='bbox 1068 3315 1187 3368; x_wconf 77' lang='lat' dir='ltr'><strong>erwdhut</strong></span> <span class='ocrx_word' id='word_1_296' title='bbox 1204 3316 1266 3368; x_wconf 89' lang='lat' dir='ltr'><strong>aber</strong></span> <span class='ocrx_word' id='word_1_297' title='bbox 1284 3315 1381 3383; x_wconf 82' lang='lat' dir='ltr'><strong>gleich-</strong></span> 
     </span>
     <span class='ocr_line' id='line_1_31' title="bbox 150 3400 1379 3470; baseline 0.004 -17"><span class='ocrx_word' id='word_1_298' title='bbox 150 3400 237 3467; x_wconf 81' lang='lat' dir='ltr'><strong>nenoa&#39;]</strong></span> <span class='ocrx_word' id='word_1_299' title='bbox 258 3400 412 3468; x_wconf 82' lang='lat' dir='ltr'><strong>„Sehnen“,</strong></span> <span class='ocrx_word' id='word_1_300' title='bbox 431 3400 518 3470; x_wconf 80' lang='lat' dir='ltr'><strong>fighrl.</strong></span> <span class='ocrx_word' id='word_1_301' title='bbox 538 3418 587 3455; x_wconf 90' lang='lat' dir='ltr'><strong>von</strong></span> <span class='ocrx_word' id='word_1_302' title='bbox 605 3401 737 3456; x_wconf 71' lang='lat' dir='ltr'><strong>mannlich</strong></span> <span class='ocrx_word' id='word_1_303' title='bbox 791 3401 851 3455; x_wconf 83' lang='lat' dir='ltr'><strong>falls</strong></span> <span class='ocrx_word' id='word_1_304' title='bbox 877 3402 927 3456; x_wconf 91' lang='lat' dir='ltr'><strong>den</strong></span> <span class='ocrx_word' id='word_1_305' title='bbox 951 3402 1158 3470; x_wconf 81' lang='lat' dir='ltr'><strong>Autagonismus</strong></span> <span class='ocrx_word' id='word_1_306' title='bbox 1183 3404 1254 3457; x_wconf 89' lang='lat' dir='ltr'><strong>sines</strong></span> <span class='ocrx_word' id='word_1_307' title='bbox 1278 3404 1379 3458; x_wconf 89' lang='lat' dir='ltr'><strong>Brutus</strong></span> 
     </span>
     <span class='ocr_line' id='line_1_32' title="bbox 150 3489 1158 3558; baseline 0.005 -17"><span class='ocrx_word' id='word_1_308' title='bbox 150 3489 278 3557; x_wconf 78' lang='lat' dir='ltr'><strong>lrrtitiger</strong></span> <span class='ocrx_word' id='word_1_309' title='bbox 292 3489 352 3555; x_wconf 87' lang='lat' dir='ltr'><strong>(wir</strong></span> <span class='ocrx_word' id='word_1_310' title='bbox 369 3506 449 3557; x_wconf 86' lang='lat' dir='ltr'><strong>sagon</strong></span> <span class='ocrx_word' id='word_1_311' title='bbox 468 3491 534 3543; x_wconf 85' lang='lat' dir='ltr'><strong>aueh</strong></span> <span class='ocrx_word' id='word_1_312' title='bbox 554 3491 737 3558; x_wconf 77' lang='lat' dir='ltr'><strong>„marlriger“)</strong></span> <span class='ocrx_word' id='word_1_313' title='bbox 791 3491 845 3545; x_wconf 89' lang='lat' dir='ltr'><strong>und</strong></span> <span class='ocrx_word' id='word_1_314' title='bbox 864 3490 972 3556; x_wconf 63' lang='lat' dir='ltr'><strong>Calvum</strong></span> <span class='ocrx_word' id='word_1_315' title='bbox 991 3492 1052 3557; x_wconf 88' lang='lat' dir='ltr'><strong>XII,</strong></span> <span class='ocrx_word' id='word_1_316' title='bbox 1072 3493 1096 3558; x_wconf 91' lang='lat'><strong>1,</strong></span> <span class='ocrx_word' id='word_1_317' title='bbox 1115 3493 1158 3546; x_wconf 79' lang='lat'><strong>22.</strong></span> 
     </span>
     <span class='ocr_line' id='line_1_33' title="bbox 149 3576 1380 3648; baseline 0.004 -18"><span class='ocrx_word' id='word_1_318' title='bbox 149 3577 229 3630; x_wconf 85' lang='lat' dir='ltr'><strong>Reda.</strong></span> <span class='ocrx_word' id='word_1_319' title='bbox 267 3576 292 3630; x_wconf 84' lang='lat' dir='ltr'><strong>S.</strong></span> <span class='ocrx_word' id='word_1_320' title='bbox 313 3594 344 3630; x_wconf 88' lang='lat' dir='ltr'><strong>zu</strong></span> <span class='ocrx_word' id='word_1_321' title='bbox 363 3578 407 3643; x_wconf 82' lang='lat'><strong>21,</strong></span> <span class='ocrx_word' id='word_1_322' title='bbox 425 3579 451 3631; x_wconf 87' lang='lat'><strong>4.</strong></span> <span class='ocrx_word' id='word_1_323' title='bbox 827 3580 865 3632; x_wconf 83' lang='lat' dir='ltr'><strong>Za</strong></span> <span class='ocrx_word' id='word_1_324' title='bbox 883 3585 1007 3634; x_wconf 76' lang='lat' dir='ltr'><strong>oratores</strong></span> <span class='ocrx_word' id='word_1_325' title='bbox 1022 3580 1142 3634; x_wconf 67' lang='lat' dir='ltr'><strong>academ</strong></span> <span class='ocrx_word' id='word_1_326' title='bbox 1156 3582 1258 3636; x_wconf 81' lang='lat' dir='ltr'><strong>celatis</strong></span> <span class='ocrx_word' id='word_1_327' title='bbox 1271 3583 1380 3648; x_wconf 76' lang='lat' dir='ltr'><strong>argduzt</strong></span> 
     </span>
     <span class='ocr_line' id='line_1_34' title="bbox 188 3665 1380 3738; baseline 0.007 -21"><span class='ocrx_word' id='word_1_328' title='bbox 188 3677 228 3718; x_wconf 76' lang='lat' dir='ltr'><strong>ea.</strong></span> <span class='ocrx_word' id='word_1_329' title='bbox 248 3681 298 3720; x_wconf 85' lang='lat' dir='ltr'><strong>nee</strong></span> <span class='ocrx_word' id='word_1_330' title='bbox 315 3665 361 3731; x_wconf 59' lang='grc' dir='ltr'><strong>(ε</strong></span> <span class='ocrx_word' id='word_1_331' title='bbox 375 3668 560 3735; x_wconf 79' lang='lat' dir='ltr'><strong>nequaquam)</strong></span> <span class='ocrx_word' id='word_1_332' title='bbox 576 3683 628 3736; x_wconf 78' lang='lat' dir='ltr'><strong>per</strong></span> <span class='ocrx_word' id='word_1_333' title='bbox 645 3668 737 3735; x_wconf 78' lang='lat' dir='ltr'><strong>ipsum</strong></span> <span class='ocrx_word' id='word_1_334' title='bbox 791 3684 851 3721; x_wconf 91' lang='lat' dir='ltr'><strong>man</strong></span> <span class='ocrx_word' id='word_1_335' title='bbox 870 3668 951 3721; x_wconf 91' lang='lat' dir='ltr'><strong>leicht</strong></span> <span class='ocrx_word' id='word_1_336' title='bbox 965 3672 1072 3735; x_wconf 83' lang='lat' dir='ltr'><strong>ceteros,</strong></span> <span class='ocrx_word' id='word_1_337' title='bbox 1092 3669 1257 3738; x_wconf 63' lang='lat' dir='ltr'><strong>helchesei),</strong></span> <span class='ocrx_word' id='word_1_338' title='bbox 1273 3671 1306 3724; x_wconf 88' lang='grc'><strong>13</strong></span> <span class='ocrx_word' id='word_1_339' title='bbox 1321 3687 1380 3724; x_wconf 91' lang='lat' dir='ltr'><strong>aus·</strong></span> 
     </span>
     <span class='ocr_line' id='line_1_35' title="bbox 149 3755 1379 3826; baseline 0.004 -18"><span class='ocrx_word' id='word_1_340' title='bbox 149 3755 242 3821; x_wconf 80' lang='lat' dir='ltr'><strong>stetit,</strong></span> <span class='ocrx_word' id='word_1_341' title='bbox 261 3770 314 3823; x_wconf 83' lang='lat' dir='ltr'><strong>qno</strong></span> <span class='ocrx_word' id='word_1_342' title='bbox 332 3755 423 3808; x_wconf 82' lang='lat' dir='ltr'><strong>minas</strong></span> <span class='ocrx_word' id='word_1_343' title='bbox 442 3756 503 3822; x_wconf 89' lang='lat' dir='ltr'><strong>etc]</strong></span> <span class='ocrx_word' id='word_1_344' title='bbox 522 3756 572 3809; x_wconf 90' lang='lat' dir='ltr'><strong>Die</strong></span> <span class='ocrx_word' id='word_1_345' title='bbox 590 3755 738 3810; x_wconf 87' lang='lat' dir='ltr'><strong>Redensart</strong></span> <span class='ocrx_word' id='word_1_346' title='bbox 792 3756 924 3810; x_wconf 84' lang='lat' dir='ltr'><strong>drliclrlioh</strong></span> <span class='ocrx_word' id='word_1_347' title='bbox 939 3757 1122 3825; x_wconf 86' lang='lat' dir='ltr'><strong>hinzugesetzt</strong></span> <span class='ocrx_word' id='word_1_348' title='bbox 1136 3759 1185 3812; x_wconf 88' lang='lat' dir='ltr'><strong>ist:</strong></span> <span class='ocrx_word' id='word_1_349' title='bbox 1203 3761 1273 3826; x_wconf 89' lang='lat' dir='ltr'><strong>„cet.</strong></span> <span class='ocrx_word' id='word_1_350' title='bbox 1289 3777 1379 3813; x_wconf 89' lang='lat' dir='ltr'><strong>eorun-</strong></span> 
     </span>
     <span class='ocr_line' id='line_1_36' title="bbox 150 3842 1378 3917; baseline 0.005 -21"><span class='ocrx_word' id='word_1_351' title='bbox 150 3842 187 3896; x_wconf 92' lang='lat' dir='ltr'><strong>ist</strong></span> <span class='ocrx_word' id='word_1_352' title='bbox 204 3842 294 3910; x_wconf 77' lang='lat' dir='ltr'><strong>hdufig</strong></span> <span class='ocrx_word' id='word_1_353' title='bbox 312 3843 353 3896; x_wconf 90' lang='lat' dir='ltr'><strong>boi</strong></span> <span class='ocrx_word' id='word_1_354' title='bbox 372 3843 468 3912; x_wconf 88' lang='lat' dir='ltr'><strong>Livius,</strong></span> <span class='ocrx_word' id='word_1_355' title='bbox 488 3862 509 3898; x_wconf 83' lang='lat' dir='ltr'><strong>z.</strong></span> <span class='ocrx_word' id='word_1_356' title='bbox 528 3845 559 3900; x_wconf 92' lang='lat' dir='ltr'><strong>B.</strong></span> <span class='ocrx_word' id='word_1_357' title='bbox 579 3845 624 3911; x_wconf 86' lang='lat' dir='ltr'><strong>Vl,</strong></span> <span class='ocrx_word' id='word_1_358' title='bbox 644 3846 686 3912; x_wconf 86' lang='lat'><strong>33,</strong></span> <span class='ocrx_word' id='word_1_359' title='bbox 706 3846 736 3900; x_wconf 80' lang='lat'><strong>2:</strong></span> <span class='ocrx_word' id='word_1_360' title='bbox 792 3845 849 3900; x_wconf 89' lang='lat' dir='ltr'><strong>dem</strong></span> <span class='ocrx_word' id='word_1_361' title='bbox 869 3849 948 3916; x_wconf 83' lang='lat' dir='ltr'><strong>temp.</strong></span> <span class='ocrx_word' id='word_1_362' title='bbox 966 3846 1109 3901; x_wconf 85' lang='lat' dir='ltr'><strong>disertcs“.</strong></span> <span class='ocrx_word' id='word_1_363' title='bbox 1130 3877 1163 3886; x_wconf 95' lang='lat'><em>-</em></span> <span class='ocrx_word' id='word_1_364' title='bbox 1182 3848 1330 3917; x_wconf 62' lang='lat' dir='ltr'><strong>dadinum]</strong></span> <span class='ocrx_word' id='word_1_365' title='bbox 1351 3849 1378 3902; x_wconf 90' lang='lat' dir='ltr'><strong>in</strong></span> 
     </span>
     <span class='ocr_line' id='line_1_37' title="bbox 151 3931 1254 4004; baseline 0.005 -20"><span class='ocrx_word' id='word_1_366' title='bbox 151 3931 240 3998; x_wconf 90' lang='lat' dir='ltr'><strong>„nihil</strong></span> <span class='ocrx_word' id='word_1_367' title='bbox 265 3949 312 4002; x_wconf 90' lang='lat' dir='ltr'><strong>per</strong></span> <span class='ocrx_word' id='word_1_368' title='bbox 337 3932 434 3986; x_wconf 88' lang='lat' dir='ltr'><strong>alteros</strong></span> <span class='ocrx_word' id='word_1_369' title='bbox 461 3936 546 4001; x_wconf 87' lang='lat' dir='ltr'><strong>stare,</strong></span> <span class='ocrx_word' id='word_1_370' title='bbox 575 3951 626 4004; x_wconf 91' lang='lat' dir='ltr'><strong>quo</strong></span> <span class='ocrx_word' id='word_1_371' title='bbox 651 3934 738 3988; x_wconf 91' lang='lat' dir='ltr'><strong>minus</strong></span> <span class='ocrx_word' id='word_1_372' title='bbox 791 3934 947 3988; x_wconf 84' lang='lat' dir='ltr'><strong>eminentem</strong></span> <span class='ocrx_word' id='word_1_373' title='bbox 966 3935 1046 3988; x_wconf 87' lang='lat' dir='ltr'><strong>Sinus</strong></span> <span class='ocrx_word' id='word_1_374' title='bbox 1064 3937 1111 3990; x_wconf 87' lang='lat' dir='ltr'><strong>wie</strong></span> <span class='ocrx_word' id='word_1_375' title='bbox 1129 3939 1162 3990; x_wconf 79' lang='lat'><strong>21</strong></span> <span class='ocrx_word' id='word_1_376' title='bbox 1184 3954 1207 3990; x_wconf 78' lang='lat' dir='ltr'><strong>a,</strong></span> <span class='ocrx_word' id='word_1_377' title='bbox 1225 3936 1254 3990; x_wconf 86' lang='grc' dir='ltr'><strong>Ε.</strong></span> 
     </span>
     <span class='ocr_line' id='line_1_38' title="bbox 149 4019 1378 4093; baseline 0.005 -20"><span class='ocrx_word' id='word_1_378' title='bbox 149 4019 255 4091; x_wconf 90' lang='lat' dir='ltr'><strong>incepta</strong></span> <span class='ocrx_word' id='word_1_379' title='bbox 278 4022 534 4091; x_wconf 87' lang='lat' dir='ltr'><strong>persequerentur“;</strong></span> <span class='ocrx_word' id='word_1_380' title='bbox 560 4023 611 4083; x_wconf 88' lang='lat' dir='ltr'><strong>IX,</strong></span> <span class='ocrx_word' id='word_1_381' title='bbox 636 4023 681 4089; x_wconf 88' lang='lat'><strong>14,</strong></span> <span class='ocrx_word' id='word_1_382' title='bbox 708 4025 737 4076; x_wconf 88' lang='lat'><strong>1:</strong></span> <span class='ocrx_word' id='word_1_383' title='bbox 830 4037 853 4078; x_wconf 83' lang='lat' dir='ltr'><strong>a.</strong></span> <span class='ocrx_word' id='word_1_384' title='bbox 872 4023 1002 4092; x_wconf 75' lang='lat' dir='ltr'><strong>excoluit]</strong></span> <span class='ocrx_word' id='word_1_385' title='bbox 1022 4025 1201 4090; x_wconf 87' lang='lat' dir='ltr'><strong>„veredelts“.</strong></span> <span class='ocrx_word' id='word_1_386' title='bbox 1224 4055 1255 4064; x_wconf 92' lang='lat'>—</span> <span class='ocrx_word' id='word_1_387' title='bbox 1275 4023 1378 4093; x_wconf 74' lang='lat' dir='ltr'><strong>matio]</strong></span> 
     </span>
     <span class='ocr_line' id='line_1_39' title="bbox 151 4111 1376 4182; baseline 0.002 -18"><span class='ocrx_word' id='word_1_388' title='bbox 151 4126 219 4180; x_wconf 90' lang='lat' dir='ltr'><strong>„per</strong></span> <span class='ocrx_word' id='word_1_389' title='bbox 237 4113 311 4163; x_wconf 90' lang='lat' dir='ltr'><strong>utros</strong></span> <span class='ocrx_word' id='word_1_390' title='bbox 331 4111 464 4175; x_wconf 86' lang='lat' dir='ltr'><strong>stetisset,</strong></span> <span class='ocrx_word' id='word_1_391' title='bbox 483 4127 534 4180; x_wconf 91' lang='lat' dir='ltr'><strong>quo</strong></span> <span class='ocrx_word' id='word_1_392' title='bbox 553 4111 639 4164; x_wconf 91' lang='lat' dir='ltr'><strong>minus</strong></span> <span class='ocrx_word' id='word_1_393' title='bbox 658 4111 738 4165; x_wconf 87' lang='lat' dir='ltr'><strong>armis</strong></span> <span class='ocrx_word' id='word_1_394' title='bbox 792 4111 849 4166; x_wconf 90' lang='lat' dir='ltr'><strong>hier</strong></span> <span class='ocrx_word' id='word_1_395' title='bbox 874 4113 978 4180; x_wconf 87' lang='lat' dir='ltr'><strong>allgem.</strong></span> <span class='ocrx_word' id='word_1_396' title='bbox 1003 4114 1318 4182; x_wconf 81' lang='lat' dir='ltr'><strong>„Darstellnngsweise“.</strong></span> <span class='ocrx_word' id='word_1_397' title='bbox 1343 4143 1376 4153; x_wconf 89' lang='lat'><em>-</em></span> 
     </span>
     <span class='ocr_line' id='line_1_40' title="bbox 150 4197 1378 4270; baseline 0.004 -19"><span class='ocrx_word' id='word_1_398' title='bbox 150 4197 327 4252; x_wconf 85' lang='lat' dir='ltr'><strong>discederetur</strong></span> <span class='ocrx_word' id='word_1_399' title='bbox 340 4200 373 4252; x_wconf 90' lang='lat' dir='ltr'><strong>ab</strong></span> <span class='ocrx_word' id='word_1_400' title='bbox 388 4199 503 4266; x_wconf 82' lang='lat' dir='ltr'><strong>armis“;</strong></span> <span class='ocrx_word' id='word_1_401' title='bbox 518 4198 736 4264; x_wconf 83' lang='lat' dir='ltr'><strong>auchbeiQuint.</strong></span> <span class='ocrx_word' id='word_1_402' title='bbox 793 4202 864 4256; x_wconf 74' lang='lat' dir='ltr'><strong>loom</strong></span> <span class='ocrx_word' id='word_1_403' title='bbox 883 4201 1019 4270; x_wconf 80' lang='lat' dir='ltr'><strong>laetiores]</strong></span> <span class='ocrx_word' id='word_1_404' title='bbox 1037 4202 1186 4270; x_wconf 79' lang='lat' dir='ltr'><strong>gldnzends,</strong></span> <span class='ocrx_word' id='word_1_405' title='bbox 1205 4202 1378 4256; x_wconf 87' lang='lat' dir='ltr'><strong>bestcchoude</strong></span> 
     </span>
     <span class='ocr_line' id='line_1_41' title="bbox 151 4288 1377 4358; baseline 0.004 -17"><span class='ocrx_word' id='word_1_406' title='bbox 151 4305 175 4341; x_wconf 90' lang='lat' dir='ltr'><strong>u.</strong></span> <span class='ocrx_word' id='word_1_407' title='bbox 194 4288 262 4342; x_wconf 91' lang='lat' dir='ltr'><strong>Pliu.</strong></span> <span class='ocrx_word' id='word_1_408' title='bbox 277 4288 302 4342; x_wconf 92' lang='lat' dir='ltr'><strong>d.</strong></span> <span class='ocrx_word' id='word_1_409' title='bbox 316 4288 341 4342; x_wconf 86' lang='lat' dir='ltr'><strong>J.</strong></span> <span class='ocrx_word' id='word_1_410' title='bbox 361 4317 397 4327; x_wconf 89' lang='lat'>-</span> <span class='ocrx_word' id='word_1_411' title='bbox 414 4288 537 4344; x_wconf 80' lang='lat' dir='ltr'><strong>uidemus</strong></span> <span class='ocrx_word' id='word_1_412' title='bbox 555 4289 636 4356; x_wconf 81' lang='lat' dir='ltr'><strong>enlm,</strong></span> <span class='ocrx_word' id='word_1_413' title='bbox 655 4306 738 4357; x_wconf 83' lang='lat' dir='ltr'><strong>quam</strong></span> <span class='ocrx_word' id='word_1_414' title='bbox 791 4289 995 4358; x_wconf 84' lang='lat' dir='ltr'><strong>Ausliihrungen</strong></span> <span class='ocrx_word' id='word_1_415' title='bbox 1028 4307 1074 4343; x_wconf 91' lang='lat' dir='ltr'><strong>von</strong></span> <span class='ocrx_word' id='word_1_416' title='bbox 1107 4291 1210 4357; x_wconf 79' lang='lat' dir='ltr'><strong>allgem.</strong></span> <span class='ocrx_word' id='word_1_417' title='bbox 1237 4291 1377 4346; x_wconf 89' lang='lat' dir='ltr'><strong>Interesse.</strong></span> 
     </span>
     <span class='ocr_line' id='line_1_42' title="bbox 200 4375 1316 4455; baseline 0.006 -24.715"><span class='ocrx_word' id='word_1_418' title='bbox 200 4375 350 4445; x_wconf 79' lang='lat' dir='ltr'><strong>suffecerit]</strong></span> <span class='ocrx_word' id='word_1_419' title='bbox 372 4378 441 4444; x_wconf 82' lang='lat' dir='ltr'><strong>„wia</strong></span> <span class='ocrx_word' id='word_1_420' title='bbox 459 4380 542 4447; x_wconf 80' lang='lat' dir='ltr'><strong>wenig</strong></span> <span class='ocrx_word' id='word_1_421' title='bbox 608 4379 737 4432; x_wconf 89' lang='lat' dir='ltr'><strong>ausrcioh·</strong></span> <span class='ocrx_word' id='word_1_422' title='bbox 793 4379 844 4436; x_wconf 87' lang='lat' dir='ltr'><strong>Cic.</strong></span> <span class='ocrx_word' id='word_1_423' title='bbox 864 4379 896 4434; x_wconf 89' lang='lat' dir='ltr'><strong>de</strong></span> <span class='ocrx_word' id='word_1_424' title='bbox 915 4397 951 4434; x_wconf 91' lang='lat' dir='ltr'><strong>cr.</strong></span> <span class='ocrx_word' id='word_1_425' title='bbox 966 4379 1013 4444; x_wconf 87' lang='grc' dir='ltr'><strong>ΠΙ,</strong></span> <span class='ocrx_word' id='word_1_426' title='bbox 1032 4379 1094 4433; x_wconf 82' lang='lat'>106:</span> <span class='ocrx_word' id='word_1_427' title='bbox 1115 4379 1175 4446; x_wconf 94' lang='lat' dir='ltr'><strong>„illi</strong></span> <span class='ocrx_word' id='word_1_428' title='bbox 1193 4380 1251 4448; x_wconf 87' lang='lat' dir='ltr'><strong>loci,</strong></span> <span class='ocrx_word' id='word_1_429' title='bbox 1272 4382 1316 4455; x_wconf 88' lang='lat' dir='ltr'><strong>qui</strong></span> 
     </span>
    </p>
   </div>
   <div class='ocr_carea' id='block_1_5' title="bbox 0 0 1550 4878">
    <p class='ocr_par' dir='ltr' id='par_1_5' title="bbox 0 0 1550 4878">
     <span class='ocr_line' id='line_1_43' title="bbox 0 0 1550 4878; baseline 0 1"><span class='ocrx_word' id='word_1_430' title='bbox 0 0 1550 4878; x_wconf 95' lang='lat' dir='ltr'><strong> </strong></span> 
     </span>
    </p>
   </div>
  </div>
 </body>
</html>
