3098 4862
499 332 617 402 dialogus
636 334 668 386 de
686 333 841 388 oratoribus.
878 350 900 388 a.
919 335 945 389 9.
964 335 1007 390 10.
1331 331 1369 394 88

132 496 226 579 parte
244 494 402 558 oblectare
427 493 528 558 otium
552 494 584 558 et
605 512 722 559 nomen
745 495 884 560 inserere
899 497 1035 578 possunt
1050 495 1163 560 famae.
1201 497 1269 578 Ego
1292 516 1366 562 vero

132 620 263 666 omnem
288 599 504 681 eloquentiam
528 618 701 681 omnesque
734 601 802 665 eius
832 603 942 685 partes
973 620 1079 668 sacras
1110 604 1143 667 et
1171 604 1367 668 venerabiles

133 710 229 790 puto,
255 725 316 772 neo
339 707 442 770 solum
467 707 660 770 cothurnum
683 709 828 771 vestrum
852 711 909 771 aut
931 708 1049 773 heroici
1072 709 1221 774 carminis
1245 728 1367 787 sonum,

133 813 193 880 sed
214 814 391 896 lyricorum
415 831 540 893 quoque
564 813 799 878 iucunditatem
822 816 855 878 et
878 815 1040 896 elegorum
1062 815 1209 881 lascivias
1234 817 1266 880 et
1288 816 1368 880 iam-
1382 835 1411 878 us

135 922 250 986 borum
286 919 534 985 amaritudinem
570 921 602 984 et
634 920 903 1003 epigrammatum
937 922 1029 986 lusus
1064 924 1097 987 et
1132 940 1367 1004 quamcumque

133 1027 233 1092 aliam
262 1027 401 1109 speciem
430 1026 612 1106 eloquentia
639 1026 772 1103 habeat,
802 1028 1057 1111 anteponendam
1080 1030 1193 1094 ceteris
1218 1028 1368 1093 altiorum

133 1135 256 1198 artium
280 1133 396 1197 studiis
421 1131 523 1197 credo.
570 1132 634 1197 Sed
664 1134 773 1198 tecum
795 1134 888 1210 mihi,
917 1134 1077 1212 Materne,
1106 1138 1244 1213 resset,
1275 1134 1368 1216 quod,

132 1260 211 1305 cum
233 1242 351 1304 natura
374 1242 406 1303 te
431 1241 488 1303 tua
510 1239 543 1302 in
566 1240 669 1322 ipsam
686 1257 792 1304 arcem
808 1241 1007 1323 eloquentiae
1023 1241 1114 1319 ferat,
1138 1260 1243 1306 errare
1266 1241 1367 1306 mavis

133 1349 169 1412 et
201 1365 328 1411 summa
359 1345 533 1428 adepturus
563 1347 596 1410 in
626 1346 796 1411 levioribus
827 1347 984 1411 subsistis.
1036 1348 1083 1414 Ut
1113 1349 1140 1412 si
1169 1348 1201 1412 in
1233 1347 1412 1412 Graeciaro

132 1455 233 1518 natus
258 1471 357 1529 esses,
387 1454 442 1517 ubi
465 1452 603 1518 ludicras
627 1471 753 1534 quoque
778 1453 855 1516 artis
879 1472 1023 1518 exercere
1046 1456 1218 1520 honestum
1241 1456 1307 1531 est,
1330 1472 1367 1518 ac

133 1561 196 1625 tibi
218 1560 394 1624 Nicostrati
416 1561 512 1624 robur
541 1579 579 1625 ac
606 1560 688 1624 vires
713 1560 745 1623 di
769 1559 946 1638 dedissent,
977 1580 1040 1626 non
1062 1563 1188 1645 paterer
1211 1561 1366 1624 immanes

134 1844 222 1898 druck
246 1843 350 1896 dhnlich
368 1842 436 1896 Anu.
455 1842 512 1908 XV,
531 1842 580 1895 42:
607 1843 725 1912 „quibus
778 1842 1091 1896 ministrationibns“.—
1108 1843 1366 1910 altlocumartium]

136 1932 272 2001 ingenium
292 1935 362 1997 erat,
385 1933 463 1986 etiarn
483 1947 550 2002 quas
568 1935 664 1986 natura
683 1933 725 1986 de·
778 1933 826 1986 wie
845 1931 936 1997 Quint.
955 1930 1034 1997 VIII,
1054 1933 1084 1998 3,
1103 1932 1135 1985 2:
1155 1932 1199 1999 „si
1218 1948 1285 2001 quae
1304 1934 1368 1986 sunt

137 2021 301 2090 negavisset,
325 2038 371 2091 per
389 2025 473 2075 artem
493 2023 628 2076 tantars“.
665 2020 723 2075 San.
778 2025 850 2074 artes
868 2021 990 2087 altiores,
1016 2021 1169 2091 plerumque
1192 2021 1366 2087 occultantur,

133 2110 205 2164 Illal.
225 2109 297 2177 VIII,
316 2111 341 2174 5,
361 2111 391 2164 3:
412 2110 564 2176 „curiosum
586 2110 661 2164 uobis
680 2127 724 2164 na·
778 2113 811 2163 ut
828 2112 899 2163 artes
918 2110 1003 2163 sint“.
1040 2108 1084 2175 Π,
1103 2109 1134 2175 1,
1153 2110 1184 2163 3:
1211 2111 1306 2175 ,‚eetas
1331 2109 1368 2162 al·

135 2202 199 2253 turs
216 2198 349 2265 ingenium
373 2198 476 2252 dadit“.
502 2227 536 2237 -
559 2215 658 2252 acmen
680 2199 724 2253 ia·
757 2199 891 2252 ·tioribus
914 2199 966 2252 iam
985 2198 1130 2269 disciplinis
1149 2198 1268 2251 debita“.
1305 2197 1366 2265 Vgl.

132 2302 223 2342 serora
247 2286 389 2355 furtum]
414 2287 481 2340 auch
505 2303 533 2342 ae
557 2288 609 2342 ha.
628 2287 662 2355 s„
687 2288 725 2341 ist
778 2288 837 2350 Tac,
857 2287 929 2341 Hist.
943 2287 990 2354 IV,
1004 2289 1036 2342 5:
1055 2287 1209 2355 „ingenium
1227 2286 1367 2340 altioribus

133 2376 180 2429 ein
211 2376 269 2430 dem
301 2376 571 2444 nachaugusteischon
599 2375 725 2430 Zeitalter
779 2376 875 2429 studiis
893 2375 994 2430 iuvenis
1013 2375 1153 2430 admodum
1171 2374 1265 2429 dedit“
1284 2392 1310 2428 u.
1324 2379 1348 2428 ὂ.

134 2465 287 2532 cigentiirnl.
307 2465 404 2520 Ansdr.
424 2464 495 2519 Hist.
514 2463 556 2532 ΙΙ,
576 2466 624 2519 61:
650 2465 723 2531 „ins
813 2470 921 2520 aalma
1023 2462 1105 2532 ferat]
1129 2463 1195 2517 nach
1218 2462 1270 2517 Cio.
1288 2462 1365 2517 Brut

135 2571 165 2608 se
182 2554 339 2620 fortunae“;
359 2553 428 2608 Ann.
442 2553 489 2620 VI,
504 2555 534 2607 2:
555 2553 638 2620 „dum
652 2555 724 2622 iguo·
779 2554 846 2607 204:
880 2570 953 2623 „quo
985 2553 1053 2606 ierat
1079 2555 1176 2606 natura
1203 2569 1251 2605 sua
1278 2569 1367 2621 quern·

134 2643 269 2696 bilitatam
293 2659 368 2696 suam
392 2643 494 2710 magnis
519 2643 668 2697 nominibus
686 2643 725 2696 in·
779 2643 861 2712 que“.
888 2671 920 2680 —
945 2643 977 2696 in
995 2643 1086 2711 ipsura
1105 2658 1194 2696 arcem
1217 2641 1260 2711 cl]
1286 2657 1367 2708 „anm

133 2731 231 2786 scrit“.
779 2731 905 2786 hbohsten
918 2732 1045 2799 (wahren)
1059 2728 1145 2800 Gipiel
1160 2731 1184 2784 d.
1194 2731 1253 2786 B.“.
1273 2729 1366 2795 Quint.

172 2821 333 2888 cothurnus]
361 2821 403 2874 die
426 2821 553 2889 Tragbdie
580 2821 631 2874 mit
654 2821 725 2874 ihrer
779 2821 840 2886 XII,
860 2822 902 2888 11,
922 2822 970 2875 28:
994 2819 1137 2888 „Cicerone
1156 2836 1242 2874 arcem
1260 2821 1367 2872 tenente

135 2910 309 2963 wiirdsvollen
324 2909 446 2980 Sprache.
462 2939 496 2948 -
515 2909 608 2978 sonus]
622 2909 650 2963 in
664 2910 724 2964 omi·
779 2909 972 2979 eloquentiae“.
1000 2909 1060 2978 Vgl.
1079 2909 1138 2962 Tac.
1158 2908 1230 2962 Hist.
1248 2906 1299 2974 ΙΠ,
1319 2908 1366 2964 7οε

133 3001 242 3052 nontam
252 2998 345 3052 Sinna:
357 2998 517 3067 „erhabeuer
526 2997 644 3066 Klang“.
663 2998 723 3067 Vgl.
780 2999 829 3066 „in
839 2994 979 3064 Palatium,
994 2999 1022 3051 in
1036 2998 1120 3068 ipsam
1134 2996 1235 3067 imperii
1249 2997 1365 3050 aroem“.

133 3086 189 3142 cic.
209 3087 241 3140 ds
260 3104 296 3140 or.
315 3086 357 3151 11,
376 3087 424 3140 54:
451 3087 576 3153 „addidit
599 3087 724 3140 historiae
814 3103 906 3141 errare
924 3085 1022 3154 maue'a]
1045 3086 1151 3139 betont:
1175 3086 1225 3153 „in
1248 3085 1294 3137 der
1310 3085 1366 3138 Irre

133 3176 258 3229 maiorem
273 3193 365 3229 sonum
379 3175 479 3229 vocis“.
499 3174 588 3240 Quint.
598 3176 631 3242 X,
644 3177 724 3242 1,68:
778 3174 983 3244 umhergehen“.
1020 3172 1094 3228 Curt.
1114 3174 1160 3240 IX,
1180 3174 1205 3240 3,
1226 3173 1274 3226 14:
1294 3173 1367 3240 „nisi
1404 3225 1407 3232 ,

134 3265 275 3332 „gravitas
300 3267 328 3318 et
352 3265 497 3318 cothurnus
520 3266 548 3316 et
576 3281 655 3318 sonus
680 3263 725 3317 So·
778 3265 860 3316 mavis
878 3279 964 3316 errare
972 3264 996 3316 “.
1030 3261 1082 3316 Cic.
1101 3261 1178 3316 Brut.
1197 3261 1258 3315 284.

133 3353 252 3424 phoeli“.
816 3362 857 3405 ro.
876 3353 908 3406 a'n
922 3351 1069 3406 levioribus
1083 3349 1218 3418 subactis]
1236 3350 1291 3403 Das
1305 3350 1367 3404 Bild

177 3455 215 3496 rs.
225 3433 296 3495 Uber
310 3442 352 3495 dic
365 3442 441 3510 elcpc',
457 3444 553 3512 ἔλεγοι,
568 3442 619 3511 vgl.
631 3440 722 3506 Quint.
778 3440 816 3493 ist
833 3441 908 3495 nieht
925 3439 1092 3508 ausgeiiihrt‚
1118 3443 1193 3493 sonst
1217 3439 1314 3493 mdisto
1337 3456 1366 3493 es

133 3529 169 3596 Χ,
189 3530 214 3594 1,
232 3531 276 3585 93.
302 3560 334 3568 -
361 3530 446 3584 Schon
465 3530 506 3584 bei
526 3530 576 3584 den
595 3528 723 3584 Griechen
777 3528 891 3583 heiisen:
919 3530 951 3582 aba
977 3528 1169 3595 inferioribus.
1210 3527 1270 3597 Vgl.
1299 3528 1367 3582 auch

135 3619 232 3687 begriff
243 3635 302 3672 man
317 3618 531 3688 unter‚‚Elegie‘⁴
543 3619 724 3673 verschiedene
778 3617 837 3672 Seu.
851 3622 934 3672 contr.
949 3618 981 3685 X,
996 3635 1035 3689 pr.
1051 3618 1097 3672 16:
1117 3617 1172 3684 „ad
1191 3633 1292 3670 summa
1310 3634 1367 3671 eva·

133 3707 236 3775 Zweige
248 3707 294 3760 der
303 3707 474 3762 Dichtlrunst.
494 3708 540 3761 Bei
551 3708 601 3762 den
610 3707 723 3762 Rdmern
778 3723 855 3760 surus
879 3707 993 3774 iuvenis,
1018 3707 1069 3760 nisi
1094 3705 1202 3759 modicis
1226 3708 1366 3760 conmutus

135 3796 234 3849 bildete
249 3797 304 3850 sich
319 3813 361 3849 am
375 3797 485 3850 meister
500 3796 724 3864 dieLiobeselegie
778 3798 878 3850 esset“.

131 3902 198 3951 aus,
217 3885 295 3939 deren
315 3885 538 3957 Hauptsertreter
556 3885 645 3941 Catuli
662 3886 724 3952 (mit
819 3884 853 3938 Ut
870 3885 906 3952 si]
927 3884 995 3950 „wie
1014 3900 1035 3937 a.
1049 3882 1080 3936 B.
1100 3883 1207 3936 wenn“.
1227 3911 1261 3919 -
1279 3881 1366 3937 Nico-

134 3991 157 4027 s.
171 3973 301 4040 Jamban)‚
317 3972 417 4040 Gallus,
433 3974 528 4040 Tibull,
543 3975 654 4045 Propera
670 3974 722 4029 und
777 3973 893 4041 chalus]
904 3970 1367 4040 wareinberiihmterRinglimpier

131 4061 203 4117 Ouid
222 4063 289 4116 sind.
309 4093 343 4101 —-
363 4062 471 4132 ceteris]
493 4064 542 4116 mit
560 4063 631 4117 einer
649 4061 724 4116 nieht
778 4059 1084 4115 deterstenKaiseraeit.
1100 4086 1132 4096 —
1147 4058 1365 4126 rcbcuacuires]

133 4151 639 4221 seltenonllnallagestuttceteruram.
662 4151 722 4220 Vgl.
777 4150 855 4204 Diess
873 4149 962 4203 Subst.
982 4148 1069 4202 finden
1090 4147 1158 4211 sich,
1182 4165 1227 4200 zur
1246 4147 1366 4201 Verstdr·

130 4240 207 4294 Hist.
226 4240 268 4308 11,
287 4241 318 4294 5:
339 4241 452 4307 „vicinis
471 4240 661 4311 provinciarum
679 4240 723 4294 ad·
777 4240 850 4307 lnmg
868 4238 914 4293 des
928 4237 1040 4306 Begriffs
1055 4236 1213 4302 verbunden,
1232 4233 1368 4289 mehriach

188 4328 312 4384 Coarsnn
326 4328 415 4382 Tsorrr
429 4345 462 4382 aa
476 4344 642 4384 oraromaus.
1133 4327 1150 4379 3
