<?xml version="1.0" encoding="UTF-8"?>
<!DOCTYPE html PUBLIC "-//W3C//DTD XHTML 1.0 Transitional//EN"
    "http://www.w3.org/TR/xhtml1/DTD/xhtml1-transitional.dtd">
<html xmlns="http://www.w3.org/1999/xhtml" xml:lang="en" lang="en">
 <head>
  <title>
</title>
<meta http-equiv="Content-Type" content="text/html;charset=utf-8" />
  <meta name='ocr-system' content='tesseract 3.04.00' />
  <meta name='ocr-capabilities' content='ocr_page ocr_carea ocr_par ocr_line ocrx_word'/>
</head>
<body>
  <div class='ocr_page' id='page_1' title='image "./corneliitacitid02tacigoog_0081.png"; bbox 0 0 3092 4878; ppageno 0'>
   <div class='ocr_carea' id='block_1_1' title="bbox 1529 190 1534 223">
    <p class='ocr_par' dir='ltr' id='par_1_1' title="bbox 1529 190 1534 223">
     <span class='ocr_line' id='line_1_1' title="bbox 1529 190 1534 223; baseline 0 0"><span class='ocrx_word' id='word_1_1' title='bbox 1529 190 1534 223; x_wconf 81' lang='lat' dir='ltr'>l</span> 
     </span>
    </p>
   </div>
   <div class='ocr_carea' id='block_1_2' title="bbox 158 309 1532 431">
    <p class='ocr_par' dir='ltr' id='par_1_2' title="bbox 158 266 1532 431">
     <span class='ocr_line' id='line_1_2' title="bbox 158 309 1532 431; baseline -0.004 -61"><span class='ocrx_word' id='word_1_2' title='bbox 158 309 195 370; x_wconf 72' lang='lat'>72</span> <span class='ocrx_word' id='word_1_3' title='bbox 666 311 778 368; x_wconf 85' lang='lat' dir='ltr'>Cornelii</span> <span class='ocrx_word' id='word_1_4' title='bbox 796 311 880 366; x_wconf 86' lang='lat' dir='ltr'>Taciti</span> <span class='ocrx_word' id='word_1_5' title='bbox 1527 310 1532 431; x_wconf 61' lang='grc' dir='ltr'>ἱ</span> 
     </span>
    </p>
   </div>
   <div class='ocr_carea' id='block_1_3' title="bbox 117 471 1395 1835">
    <p class='ocr_par' dir='ltr' id='par_1_3' title="bbox 117 471 1395 1835">
     <span class='ocr_line' id='line_1_3' title="bbox 159 471 1395 556; baseline 0 -18"><span class='ocrx_word' id='word_1_6' title='bbox 159 474 258 538; x_wconf 91' lang='lat' dir='ltr'>moris</span> <span class='ocrx_word' id='word_1_7' title='bbox 282 474 428 556; x_wconf 79' lang='lat' dir='ltr'>antiqui?</span> <span class='ocrx_word' id='word_1_8' title='bbox 475 471 564 552; x_wconf 80' lang='lat' dir='ltr'>Quae</span> <span class='ocrx_word' id='word_1_9' title='bbox 587 475 673 538; x_wconf 90' lang='lat' dir='ltr'>mala</span> <span class='ocrx_word' id='word_1_10' title='bbox 696 474 837 556; x_wconf 88' lang='lat' dir='ltr'>primunr</span> <span class='ocrx_word' id='word_1_11' title='bbox 860 474 893 538; x_wconf 90' lang='lat' dir='ltr'>in</span> <span class='ocrx_word' id='word_1_12' title='bbox 917 473 995 538; x_wconf 92' lang='lat' dir='ltr'>urbe</span> <span class='ocrx_word' id='word_1_13' title='bbox 1018 475 1110 551; x_wconf 87' lang='lat' dir='ltr'>nata,</span> <span class='ocrx_word' id='word_1_14' title='bbox 1140 491 1213 538; x_wconf 85' lang='lat' dir='ltr'>mox</span> <span class='ocrx_word' id='word_1_15' title='bbox 1242 491 1298 556; x_wconf 90' lang='lat' dir='ltr'>per</span> <span class='ocrx_word' id='word_1_16' title='bbox 1321 473 1395 538; x_wconf 88' lang='lat' dir='ltr'>Ita·</span> 
     </span>
     <span class='ocr_line' id='line_1_4' title="bbox 159 578 1392 663; baseline 0.001 -18"><span class='ocrx_word' id='word_1_17' title='bbox 159 581 238 645; x_wconf 91' lang='lat' dir='ltr'>liam</span> <span class='ocrx_word' id='word_1_18' title='bbox 261 580 348 658; x_wconf 81' lang='lat' dir='ltr'>fusa,</span> <span class='ocrx_word' id='word_1_19' title='bbox 378 581 443 645; x_wconf 87' lang='lat' dir='ltr'>ianr</span> <span class='ocrx_word' id='word_1_20' title='bbox 471 581 504 644; x_wconf 94' lang='lat' dir='ltr'>in</span> <span class='ocrx_word' id='word_1_21' title='bbox 533 581 711 663; x_wconf 82' lang='lat' dir='ltr'>provincias</span> <span class='ocrx_word' id='word_1_22' title='bbox 741 583 883 644; x_wconf 87' lang='lat' dir='ltr'>manant.</span> <span class='ocrx_word' id='word_1_23' title='bbox 929 578 1132 662; x_wconf 79' lang='lat' dir='ltr'><strong>Quamquam</strong></span> <span class='ocrx_word' id='word_1_24' title='bbox 1162 581 1270 644; x_wconf 88' lang='lat' dir='ltr'>vestra</span> <span class='ocrx_word' id='word_1_25' title='bbox 1299 581 1392 646; x_wconf 87' lang='lat' dir='ltr'>vobis</span> 
     </span>
     <span class='ocr_line' id='line_1_5' title="bbox 160 687 1393 770; baseline 0 -19"><span class='ocrx_word' id='word_1_26' title='bbox 160 687 284 752; x_wconf 85' lang='lat' dir='ltr'>notiora</span> <span class='ocrx_word' id='word_1_27' title='bbox 308 689 399 752; x_wconf 86' lang='lat' dir='ltr'>sunt:</span> <span class='ocrx_word' id='word_1_28' title='bbox 431 706 488 769; x_wconf 85' lang='lat' dir='ltr'>ego</span> <span class='ocrx_word' id='word_1_29' title='bbox 513 687 550 751; x_wconf 92' lang='lat' dir='ltr'>de</span> <span class='ocrx_word' id='word_1_30' title='bbox 574 688 652 751; x_wconf 89' lang='lat' dir='ltr'>urbe</span> <span class='ocrx_word' id='word_1_31' title='bbox 676 688 781 752; x_wconf 86' lang='lat' dir='ltr'>ethis</span> <span class='ocrx_word' id='word_1_32' title='bbox 804 687 938 770; x_wconf 91' lang='lat' dir='ltr'>propriis</span> <span class='ocrx_word' id='word_1_33' title='bbox 963 707 999 752; x_wconf 91' lang='lat' dir='ltr'>ao</span> <span class='ocrx_word' id='word_1_34' title='bbox 1021 687 1200 752; x_wconf 84' lang='lat' dir='ltr'>vernaculis</span> <span class='ocrx_word' id='word_1_35' title='bbox 1223 687 1310 751; x_wconf 88' lang='lat' dir='ltr'>vitiis</span> <span class='ocrx_word' id='word_1_36' title='bbox 1342 689 1393 751; x_wconf 92' lang='lat' dir='ltr'>lo-</span> 
     </span>
     <span class='ocr_line' id='line_1_6' title="bbox 117 793 1391 877; baseline -0.001 -18"><span class='ocrx_word' id='word_1_37' title='bbox 117 813 260 876; x_wconf 80' lang='lat' dir='ltr'>roquar,</span> <span class='ocrx_word' id='word_1_38' title='bbox 284 813 365 877; x_wconf 92' lang='lat' dir='ltr'>quae</span> <span class='ocrx_word' id='word_1_39' title='bbox 388 796 480 858; x_wconf 88' lang='lat' dir='ltr'>natos</span> <span class='ocrx_word' id='word_1_40' title='bbox 505 793 616 858; x_wconf 87' lang='lat' dir='ltr'>statim</span> <span class='ocrx_word' id='word_1_41' title='bbox 640 794 800 876; x_wconf 81' lang='lat' dir='ltr'>excipiunt</span> <span class='ocrx_word' id='word_1_42' title='bbox 823 795 856 858; x_wconf 92' lang='lat' dir='ltr'>et</span> <span class='ocrx_word' id='word_1_43' title='bbox 877 812 934 876; x_wconf 95' lang='lat' dir='ltr'>per</span> <span class='ocrx_word' id='word_1_44' title='bbox 958 793 1099 875; x_wconf 85' lang='lat' dir='ltr'>singulos</span> <span class='ocrx_word' id='word_1_45' title='bbox 1123 793 1238 857; x_wconf 85' lang='lat' dir='ltr'>aetatis</span> <span class='ocrx_word' id='word_1_46' title='bbox 1268 793 1391 875; x_wconf 87' lang='lat' dir='ltr'>gradus</span> 
     </span>
     <span class='ocr_line' id='line_1_7' title="bbox 163 900 1394 983; baseline 0 -18"><span class='ocrx_word' id='word_1_47' title='bbox 163 901 384 976; x_wconf 80' lang='lat' dir='ltr'>cumulantur,</span> <span class='ocrx_word' id='word_1_48' title='bbox 415 901 442 964; x_wconf 93' lang='lat' dir='ltr'>si</span> <span class='ocrx_word' id='word_1_49' title='bbox 471 901 560 983; x_wconf 91' lang='lat' dir='ltr'>prius</span> <span class='ocrx_word' id='word_1_50' title='bbox 590 900 629 964; x_wconf 91' lang='lat' dir='ltr'>de</span> <span class='ocrx_word' id='word_1_51' title='bbox 662 901 831 968; x_wconf 85' lang='lat' dir='ltr'>seueritate</span> <span class='ocrx_word' id='word_1_52' title='bbox 862 918 898 964; x_wconf 91' lang='lat' dir='ltr'>ac</span> <span class='ocrx_word' id='word_1_53' title='bbox 929 900 1095 983; x_wconf 90' lang='lat' dir='ltr'>disciplina</span> <span class='ocrx_word' id='word_1_54' title='bbox 1123 901 1280 964; x_wconf 89' lang='lat' dir='ltr'>maiorum</span> <span class='ocrx_word' id='word_1_55' title='bbox 1304 900 1394 966; x_wconf 90' lang='lat' dir='ltr'>circa</span> 
     </span>
     <span class='ocr_line' id='line_1_8' title="bbox 161 1006 1390 1090; baseline 0 -18"><span class='ocrx_word' id='word_1_56' title='bbox 161 1007 340 1072; x_wconf 88' lang='lat' dir='ltr'>educandos</span> <span class='ocrx_word' id='word_1_57' title='bbox 364 1007 608 1089; x_wconf 81' lang='lat' dir='ltr'>formandosque</span> <span class='ocrx_word' id='word_1_58' title='bbox 636 1008 750 1071; x_wconf 89' lang='lat' dir='ltr'>liberos</span> <span class='ocrx_word' id='word_1_59' title='bbox 781 1025 883 1090; x_wconf 87' lang='lat' dir='ltr'>pauca</span> <span class='ocrx_word' id='word_1_60' title='bbox 912 1006 1105 1090; x_wconf 83' lang='lat' dir='ltr'>praedixero.</span> <span class='ocrx_word' id='word_1_61' title='bbox 1150 1006 1235 1070; x_wconf 89' lang='lat' dir='ltr'>Nam</span> <span class='ocrx_word' id='word_1_62' title='bbox 1264 1006 1390 1089; x_wconf 89' lang='lat' dir='ltr'>pridem</span> 
     </span>
     <span class='ocr_line' id='line_1_9' title="bbox 163 1113 1392 1197; baseline 0 -19"><span class='ocrx_word' id='word_1_63' title='bbox 163 1132 242 1178; x_wconf 87' lang='lat' dir='ltr'>suus</span> <span class='ocrx_word' id='word_1_64' title='bbox 266 1114 379 1195; x_wconf 90' lang='lat' dir='ltr'>cuique</span> <span class='ocrx_word' id='word_1_65' title='bbox 402 1113 496 1190; x_wconf 85' lang='lat' dir='ltr'>filius,</span> <span class='ocrx_word' id='word_1_66' title='bbox 521 1132 557 1178; x_wconf 86' lang='lat' dir='ltr'>en</span> <span class='ocrx_word' id='word_1_67' title='bbox 581 1115 670 1178; x_wconf 87' lang='lat' dir='ltr'>casta</span> <span class='ocrx_word' id='word_1_68' title='bbox 694 1113 825 1197; x_wconf 90' lang='lat' dir='ltr'>parente</span> <span class='ocrx_word' id='word_1_69' title='bbox 848 1115 954 1190; x_wconf 88' lang='lat' dir='ltr'>natus,</span> <span class='ocrx_word' id='word_1_70' title='bbox 977 1132 1040 1177; x_wconf 91' lang='lat' dir='ltr'>non</span> <span class='ocrx_word' id='word_1_71' title='bbox 1063 1114 1097 1176; x_wconf 91' lang='lat' dir='ltr'>in</span> <span class='ocrx_word' id='word_1_72' title='bbox 1121 1113 1237 1177; x_wconf 91' lang='lat' dir='ltr'>cellula</span> <span class='ocrx_word' id='word_1_73' title='bbox 1261 1115 1392 1196; x_wconf 87' lang='lat' dir='ltr'>emptae</span> 
     </span>
     <span class='ocr_line' id='line_1_10' title="bbox 160 1220 1392 1303; baseline 0 -19"><span class='ocrx_word' id='word_1_74' title='bbox 160 1221 312 1295; x_wconf 82' lang='lat' dir='ltr'>nutricis,</span> <span class='ocrx_word' id='word_1_75' title='bbox 342 1220 398 1284; x_wconf 88' lang='lat' dir='ltr'>sed</span> <span class='ocrx_word' id='word_1_76' title='bbox 422 1221 541 1302; x_wconf 87' lang='lat' dir='ltr'>gremio</span> <span class='ocrx_word' id='word_1_77' title='bbox 566 1239 603 1285; x_wconf 87' lang='lat' dir='ltr'>ao</span> <span class='ocrx_word' id='word_1_78' title='bbox 626 1221 698 1284; x_wconf 88' lang='lat' dir='ltr'>sinu</span> <span class='ocrx_word' id='word_1_79' title='bbox 720 1221 833 1284; x_wconf 90' lang='lat' dir='ltr'>matris</span> <span class='ocrx_word' id='word_1_80' title='bbox 857 1220 1067 1296; x_wconf 85' lang='lat' dir='ltr'>educabatur,</span> <span class='ocrx_word' id='word_1_81' title='bbox 1098 1220 1187 1284; x_wconf 90' lang='lat' dir='ltr'>ouius</span> <span class='ocrx_word' id='word_1_82' title='bbox 1217 1221 1392 1303; x_wconf 87' lang='lat' dir='ltr'>praecipua</span> 
     </span>
     <span class='ocr_line' id='line_1_11' title="bbox 119 1327 1393 1408; baseline -0.001 -17"><span class='ocrx_word' id='word_1_83' title='bbox 119 1349 148 1391; x_wconf 85' lang='grc' dir='ltr'>ιι</span> <span class='ocrx_word' id='word_1_84' title='bbox 161 1327 232 1392; x_wconf 84' lang='lat' dir='ltr'>laus</span> <span class='ocrx_word' id='word_1_85' title='bbox 256 1330 328 1392; x_wconf 89' lang='lat' dir='ltr'>erat</span> <span class='ocrx_word' id='word_1_86' title='bbox 349 1328 434 1391; x_wconf 90' lang='lat' dir='ltr'>tueri</span> <span class='ocrx_word' id='word_1_87' title='bbox 457 1327 587 1391; x_wconf 91' lang='lat' dir='ltr'>domum</span> <span class='ocrx_word' id='word_1_88' title='bbox 611 1329 643 1392; x_wconf 89' lang='lat' dir='ltr'>ct</span> <span class='ocrx_word' id='word_1_89' title='bbox 666 1327 817 1391; x_wconf 81' lang='lat' dir='ltr'>inservire</span> <span class='ocrx_word' id='word_1_90' title='bbox 841 1327 956 1391; x_wconf 89' lang='lat' dir='ltr'>liberis.</span> <span class='ocrx_word' id='word_1_91' title='bbox 998 1329 1065 1390; x_wconf 91' lang='lat' dir='ltr'>Aut</span> <span class='ocrx_word' id='word_1_92' title='bbox 1088 1327 1265 1408; x_wconf 80' lang='lat' dir='ltr'>eligebatur</span> <span class='ocrx_word' id='word_1_93' title='bbox 1287 1327 1393 1392; x_wconf 90' lang='lat' dir='ltr'>maior</span> 
     </span>
     <span class='ocr_line' id='line_1_12' title="bbox 164 1433 1390 1517; baseline -0.002 -19"><span class='ocrx_word' id='word_1_94' title='bbox 164 1434 272 1516; x_wconf 86' lang='lat' dir='ltr'>aliqua</span> <span class='ocrx_word' id='word_1_95' title='bbox 294 1435 374 1498; x_wconf 90' lang='lat' dir='ltr'>natu</span> <span class='ocrx_word' id='word_1_96' title='bbox 397 1433 584 1517; x_wconf 90' lang='lat' dir='ltr'>propinqua,</span> <span class='ocrx_word' id='word_1_97' title='bbox 608 1433 698 1498; x_wconf 88' lang='lat' dir='ltr'>cuius</span> <span class='ocrx_word' id='word_1_98' title='bbox 721 1433 861 1516; x_wconf 90' lang='lat' dir='ltr'>probatis</span> <span class='ocrx_word' id='word_1_99' title='bbox 886 1434 1100 1516; x_wconf 78' lang='lat' dir='ltr'>spectatisque</span> <span class='ocrx_word' id='word_1_100' title='bbox 1123 1433 1264 1497; x_wconf 91' lang='lat' dir='ltr'>moribus</span> <span class='ocrx_word' id='word_1_101' title='bbox 1286 1434 1390 1497; x_wconf 90' lang='lat' dir='ltr'>omnis</span> 
     </span>
     <span class='ocr_line' id='line_1_13' title="bbox 163 1539 1392 1622; baseline 0 -17"><span class='ocrx_word' id='word_1_102' title='bbox 163 1541 307 1606; x_wconf 90' lang='lat' dir='ltr'>ciusdem</span> <span class='ocrx_word' id='word_1_103' title='bbox 330 1539 468 1604; x_wconf 87' lang='lat' dir='ltr'>familiae</span> <span class='ocrx_word' id='word_1_104' title='bbox 493 1539 619 1604; x_wconf 89' lang='lat' dir='ltr'>suboles</span> <span class='ocrx_word' id='word_1_105' title='bbox 643 1540 914 1616; x_wconf 81' lang='lat' dir='ltr'>committeretur;</span> <span class='ocrx_word' id='word_1_106' title='bbox 938 1558 1046 1604; x_wconf 89' lang='lat' dir='ltr'>coram</span> <span class='ocrx_word' id='word_1_107' title='bbox 1070 1558 1134 1622; x_wconf 92' lang='lat' dir='ltr'>qua</span> <span class='ocrx_word' id='word_1_108' title='bbox 1155 1559 1259 1621; x_wconf 88' lang='lat' dir='ltr'>neque</span> <span class='ocrx_word' id='word_1_109' title='bbox 1284 1539 1392 1605; x_wconf 91' lang='lat' dir='ltr'>dicere</span> 
     </span>
     <span class='ocr_line' id='line_1_14' title="bbox 161 1646 1390 1730; baseline 0 -18"><span class='ocrx_word' id='word_1_110' title='bbox 161 1647 210 1712; x_wconf 85' lang='lat' dir='ltr'>fas</span> <span class='ocrx_word' id='word_1_111' title='bbox 235 1649 304 1712; x_wconf 91' lang='lat' dir='ltr'>erat</span> <span class='ocrx_word' id='word_1_112' title='bbox 328 1647 411 1729; x_wconf 91' lang='lat' dir='ltr'>quod</span> <span class='ocrx_word' id='word_1_113' title='bbox 435 1650 530 1730; x_wconf 87' lang='lat' dir='ltr'>turpe</span> <span class='ocrx_word' id='word_1_114' title='bbox 554 1647 657 1724; x_wconf 86' lang='lat' dir='ltr'>dictu,</span> <span class='ocrx_word' id='word_1_115' title='bbox 687 1665 790 1729; x_wconf 88' lang='lat' dir='ltr'>neque</span> <span class='ocrx_word' id='word_1_116' title='bbox 820 1648 923 1712; x_wconf 79' lang='lat' dir='ltr'>lacere</span> <span class='ocrx_word' id='word_1_117' title='bbox 953 1647 1036 1728; x_wconf 92' lang='lat' dir='ltr'>quod</span> <span class='ocrx_word' id='word_1_118' title='bbox 1065 1647 1269 1711; x_wconf 90' lang='lat' dir='ltr'>inhonestum</span> <span class='ocrx_word' id='word_1_119' title='bbox 1300 1646 1390 1712; x_wconf 88' lang='lat' dir='ltr'>factu</span> 
     </span>
     <span class='ocr_line' id='line_1_15' title="bbox 161 1753 1390 1835; baseline -0.002 -15"><span class='ocrx_word' id='word_1_120' title='bbox 161 1755 331 1820; x_wconf 87' lang='lat' dir='ltr'>videretur.</span> <span class='ocrx_word' id='word_1_121' title='bbox 378 1757 424 1818; x_wconf 85' lang='lat' dir='ltr'>Ac</span> <span class='ocrx_word' id='word_1_122' title='bbox 447 1773 510 1818; x_wconf 92' lang='lat' dir='ltr'>non</span> <span class='ocrx_word' id='word_1_123' title='bbox 534 1753 641 1818; x_wconf 87' lang='lat' dir='ltr'>studia</span> <span class='ocrx_word' id='word_1_124' title='bbox 664 1753 757 1818; x_wconf 93' lang='lat' dir='ltr'>modo</span> <span class='ocrx_word' id='word_1_125' title='bbox 781 1771 946 1835; x_wconf 83' lang='lat' dir='ltr'>curasque,</span> <span class='ocrx_word' id='word_1_126' title='bbox 971 1754 1026 1818; x_wconf 88' lang='lat' dir='ltr'>sed</span> <span class='ocrx_word' id='word_1_127' title='bbox 1056 1754 1259 1818; x_wconf 87' lang='lat' dir='ltr'>remissiones</span> <span class='ocrx_word' id='word_1_128' title='bbox 1290 1755 1390 1818; x_wconf 86' lang='lat' dir='ltr'>etiam</span> 
     </span>
    </p>
   </div>
   <div class='ocr_carea' id='block_1_4' title="bbox 160 1917 373 1924">
    <p class='ocr_par' dir='ltr' id='par_1_4' title="bbox 160 1917 373 1924">
     <span class='ocr_line' id='line_1_16' title="bbox 160 1917 373 1924; baseline -0.009 0"><span class='ocrx_word' id='word_1_129' title='bbox 160 1917 373 1924; x_wconf 61' lang='lat' dir='ltr'>——a-———.—</span> 
     </span>
    </p>
   </div>
   <div class='ocr_carea' id='block_1_5' title="bbox 159 2017 1393 4401">
    <p class='ocr_par' dir='ltr' id='par_1_5' title="bbox 159 2017 1393 4401">
     <span class='ocr_line' id='line_1_17' title="bbox 159 2017 1391 2090; baseline 0 -16"><span class='ocrx_word' id='word_1_130' title='bbox 159 2020 260 2086; x_wconf 86' lang='lat' dir='ltr'>halten,</span> <span class='ocrx_word' id='word_1_131' title='bbox 279 2019 340 2073; x_wconf 87' lang='lat' dir='ltr'>loils</span> <span class='ocrx_word' id='word_1_132' title='bbox 359 2037 404 2073; x_wconf 92' lang='lat' dir='ltr'>um</span> <span class='ocrx_word' id='word_1_133' title='bbox 418 2019 509 2087; x_wconf 78' lang='lat' dir='ltr'>ltnger</span> <span class='ocrx_word' id='word_1_134' title='bbox 524 2017 590 2074; x_wconf 87' lang='lat' dir='ltr'>Geld</span> <span class='ocrx_word' id='word_1_135' title='bbox 605 2036 654 2072; x_wconf 89' lang='lat' dir='ltr'>von</span> <span class='ocrx_word' id='word_1_136' title='bbox 667 2019 747 2073; x_wconf 90' lang='lat' dir='ltr'>ihncn</span> <span class='ocrx_word' id='word_1_137' title='bbox 831 2019 953 2090; x_wconf 80' lang='lat' dir='ltr'>pridem]</span> <span class='ocrx_word' id='word_1_138' title='bbox 981 2019 1141 2085; x_wconf 85' lang='lat' dir='ltr'>‚‚ehedem“.</span> <span class='ocrx_word' id='word_1_139' title='bbox 1167 2049 1200 2058; x_wconf 90' lang='lat'>-</span> <span class='ocrx_word' id='word_1_140' title='bbox 1228 2019 1261 2072; x_wconf 78' lang='lat' dir='ltr'>ia</span> <span class='ocrx_word' id='word_1_141' title='bbox 1283 2021 1391 2088; x_wconf 76' lang='lat' dir='ltr'>premio</span> 
     </span>
     <span class='ocr_line' id='line_1_18' title="bbox 161 2107 1388 2176; baseline 0 -14"><span class='ocrx_word' id='word_1_142' title='bbox 161 2109 250 2164; x_wconf 81' lang='lat' dir='ltr'>richen</span> <span class='ocrx_word' id='word_1_143' title='bbox 274 2126 305 2162; x_wconf 89' lang='lat' dir='ltr'>zu</span> <span class='ocrx_word' id='word_1_144' title='bbox 324 2109 438 2173; x_wconf 74' lang='lat' dir='ltr'>ledunen,</span> <span class='ocrx_word' id='word_1_145' title='bbox 463 2108 524 2162; x_wconf 83' lang='lat' dir='ltr'>teile</span> <span class='ocrx_word' id='word_1_146' title='bbox 547 2125 594 2161; x_wconf 88' lang='lat' dir='ltr'>aus</span> <span class='ocrx_word' id='word_1_147' title='bbox 613 2107 747 2170; x_wconf 79' lang='lat' dir='ltr'>Eitallreit,</span> <span class='ocrx_word' id='word_1_148' title='bbox 801 2126 834 2164; x_wconf 83' lang='lat' dir='ltr'>ac</span> <span class='ocrx_word' id='word_1_149' title='bbox 857 2109 923 2163; x_wconf 63' lang='lat' dir='ltr'>aaa</span> <span class='ocrx_word' id='word_1_150' title='bbox 945 2125 979 2163; x_wconf 87' lang='lat' dir='ltr'>m.</span> <span class='ocrx_word' id='word_1_151' title='bbox 999 2109 1182 2176; x_wconf 78' lang='lat' dir='ltr'>educabatur]</span> <span class='ocrx_word' id='word_1_152' title='bbox 1208 2109 1255 2162; x_wconf 86' lang='lat' dir='ltr'>wie</span> <span class='ocrx_word' id='word_1_153' title='bbox 1274 2109 1337 2176; x_wconf 81' lang='lat' dir='ltr'>Agr.</span> <span class='ocrx_word' id='word_1_154' title='bbox 1355 2109 1388 2163; x_wconf 78' lang='lat'>4:</span> 
     </span>
     <span class='ocr_line' id='line_1_19' title="bbox 160 2196 1391 2268; baseline 0 -17"><span class='ocrx_word' id='word_1_155' title='bbox 160 2199 200 2252; x_wconf 85' lang='lat' dir='ltr'>als</span> <span class='ocrx_word' id='word_1_156' title='bbox 210 2199 243 2252; x_wconf 94' lang='lat' dir='ltr'>ob</span> <span class='ocrx_word' id='word_1_157' title='bbox 253 2198 300 2256; x_wconf 87' lang='lat' dir='ltr'>das</span> <span class='ocrx_word' id='word_1_158' title='bbox 311 2197 495 2268; x_wconf 88' lang='lat' dir='ltr'>versprocheue</span> <span class='ocrx_word' id='word_1_159' title='bbox 505 2197 559 2251; x_wconf 87' lang='lat' dir='ltr'>Ziel</span> <span class='ocrx_word' id='word_1_160' title='bbox 573 2197 634 2250; x_wconf 89' lang='lat' dir='ltr'>sehr</span> <span class='ocrx_word' id='word_1_161' title='bbox 648 2197 747 2250; x_wconf 86' lang='lat' dir='ltr'>schwer</span> <span class='ocrx_word' id='word_1_162' title='bbox 802 2198 850 2264; x_wconf 86' lang='lat' dir='ltr'>„in</span> <span class='ocrx_word' id='word_1_163' title='bbox 868 2197 947 2250; x_wconf 90' lang='lat' dir='ltr'>huius</span> <span class='ocrx_word' id='word_1_164' title='bbox 961 2198 1076 2265; x_wconf 86' lang='lat' dir='ltr'>(matris)</span> <span class='ocrx_word' id='word_1_165' title='bbox 1094 2198 1154 2251; x_wconf 89' lang='lat' dir='ltr'>sinu</span> <span class='ocrx_word' id='word_1_166' title='bbox 1172 2196 1391 2267; x_wconf 84' lang='lat' dir='ltr'>indulgentiaque</span> 
     </span>
     <span class='ocr_line' id='line_1_20' title="bbox 160 2284 1389 2353; baseline -0.002 -12"><span class='ocrx_word' id='word_1_167' title='bbox 160 2305 192 2341; x_wconf 83' lang='lat' dir='ltr'>uu</span> <span class='ocrx_word' id='word_1_168' title='bbox 210 2287 343 2342; x_wconf 87' lang='lat' dir='ltr'>orroichen</span> <span class='ocrx_word' id='word_1_169' title='bbox 362 2287 407 2353; x_wconf 85' lang='lat' dir='ltr'>sei,</span> <span class='ocrx_word' id='word_1_170' title='bbox 427 2287 487 2340; x_wconf 85' lang='lat' dir='ltr'>teile</span> <span class='ocrx_word' id='word_1_171' title='bbox 502 2286 569 2340; x_wconf 84' lang='lat' dir='ltr'>auch</span> <span class='ocrx_word' id='word_1_172' title='bbox 582 2303 630 2339; x_wconf 88' lang='lat' dir='ltr'>aus</span> <span class='ocrx_word' id='word_1_173' title='bbox 645 2284 746 2340; x_wconf 89' lang='lat' dir='ltr'>Gleich·</span> <span class='ocrx_word' id='word_1_174' title='bbox 801 2287 957 2341; x_wconf 84' lang='lat' dir='ltr'>educatus“.</span> <span class='ocrx_word' id='word_1_175' title='bbox 977 2285 1192 2342; x_wconf 71' lang='lat' dir='ltr'>cicaronem:</span> <span class='ocrx_word' id='word_1_176' title='bbox 1208 2303 1282 2353; x_wconf 86' lang='lat' dir='ltr'>„non</span> <span class='ocrx_word' id='word_1_177' title='bbox 1296 2286 1389 2340; x_wconf 85' lang='lat' dir='ltr'>tamin</span> 
     </span>
     <span class='ocr_line' id='line_1_21' title="bbox 160 2375 1389 2446; baseline 0 -16"><span class='ocrx_word' id='word_1_178' title='bbox 160 2376 303 2446; x_wconf 78' lang='lat' dir='ltr'>gdltiglreit</span> <span class='ocrx_word' id='word_1_179' title='bbox 321 2377 384 2430; x_wconf 87' lang='lat' dir='ltr'>oder</span> <span class='ocrx_word' id='word_1_180' title='bbox 401 2375 565 2445; x_wconf 78' lang='lat' dir='ltr'>Ungeschiclr</span> <span class='ocrx_word' id='word_1_181' title='bbox 584 2376 619 2429; x_wconf 93' lang='lat' dir='ltr'>im</span> <span class='ocrx_word' id='word_1_182' title='bbox 637 2375 745 2429; x_wconf 91' lang='lat' dir='ltr'>Lehren.</span> <span class='ocrx_word' id='word_1_183' title='bbox 800 2375 1389 2446; x_wconf 82' lang='lat' dir='ltr'>gremioeducatcsquaminsermonematris“.</span> 
     </span>
     <span class='ocr_line' id='line_1_22' title="bbox 198 2463 1390 2536; baseline -0.003 -14"><span class='ocrx_word' id='word_1_184' title='bbox 198 2466 275 2536; x_wconf 74' lang='lat' dir='ltr'>Quae</span> <span class='ocrx_word' id='word_1_185' title='bbox 299 2466 375 2520; x_wconf 83' lang='lat' dir='ltr'>mala</span> <span class='ocrx_word' id='word_1_186' title='bbox 400 2465 460 2534; x_wconf 78' lang='lat' dir='ltr'>etc]</span> <span class='ocrx_word' id='word_1_187' title='bbox 487 2465 549 2518; x_wconf 89' lang='lat' dir='ltr'>Zum</span> <span class='ocrx_word' id='word_1_188' title='bbox 574 2465 670 2519; x_wconf 82' lang='lat' dir='ltr'>Ausdr.</span> <span class='ocrx_word' id='word_1_189' title='bbox 694 2465 746 2533; x_wconf 87' lang='lat' dir='ltr'>vgl.</span> <span class='ocrx_word' id='word_1_190' title='bbox 841 2479 879 2520; x_wconf 82' lang='lat' dir='ltr'>la.</span> <span class='ocrx_word' id='word_1_191' title='bbox 899 2464 970 2534; x_wconf 81' lang='lat' dir='ltr'>Aul]</span> <span class='ocrx_word' id='word_1_192' title='bbox 988 2465 1102 2518; x_wconf 81' lang='lat' dir='ltr'>nt&#39;mlich</span> <span class='ocrx_word' id='word_1_193' title='bbox 1116 2465 1144 2518; x_wconf 92' lang='lat' dir='ltr'>in</span> <span class='ocrx_word' id='word_1_194' title='bbox 1158 2464 1216 2517; x_wconf 90' lang='lat' dir='ltr'>dem</span> <span class='ocrx_word' id='word_1_195' title='bbox 1231 2463 1310 2530; x_wconf 76' lang='lat' dir='ltr'>Falle,</span> <span class='ocrx_word' id='word_1_196' title='bbox 1329 2463 1390 2518; x_wconf 83' lang='lat' dir='ltr'>daie</span> 
     </span>
     <span class='ocr_line' id='line_1_23' title="bbox 161 2552 1390 2624; baseline -0.002 -15"><span class='ocrx_word' id='word_1_197' title='bbox 161 2553 212 2610; x_wconf 83' lang='lat' dir='ltr'>Cic.</span> <span class='ocrx_word' id='word_1_198' title='bbox 232 2555 300 2608; x_wconf 93' lang='lat' dir='ltr'>Phil.</span> <span class='ocrx_word' id='word_1_199' title='bbox 320 2555 346 2622; x_wconf 90' lang='lat'>1,</span> <span class='ocrx_word' id='word_1_200' title='bbox 365 2555 396 2608; x_wconf 78' lang='lat'>2:</span> <span class='ocrx_word' id='word_1_201' title='bbox 422 2571 480 2608; x_wconf 88' lang='lat' dir='ltr'>cum</span> <span class='ocrx_word' id='word_1_202' title='bbox 504 2557 620 2624; x_wconf 85' lang='lat' dir='ltr'>serperet</span> <span class='ocrx_word' id='word_1_203' title='bbox 636 2554 664 2607; x_wconf 95' lang='lat' dir='ltr'>in</span> <span class='ocrx_word' id='word_1_204' title='bbox 683 2555 747 2607; x_wconf 92' lang='lat' dir='ltr'>urbe</span> <span class='ocrx_word' id='word_1_205' title='bbox 801 2555 843 2608; x_wconf 92' lang='lat' dir='ltr'>die</span> <span class='ocrx_word' id='word_1_206' title='bbox 861 2555 964 2608; x_wconf 87' lang='lat' dir='ltr'>Mutter</span> <span class='ocrx_word' id='word_1_207' title='bbox 982 2555 1067 2608; x_wconf 87' lang='lat' dir='ltr'>selbst</span> <span class='ocrx_word' id='word_1_208' title='bbox 1084 2553 1235 2607; x_wconf 86' lang='lat' dir='ltr'>verhindert</span> <span class='ocrx_word' id='word_1_209' title='bbox 1253 2569 1320 2620; x_wconf 84' lang='lat' dir='ltr'>war,</span> <span class='ocrx_word' id='word_1_210' title='bbox 1346 2552 1390 2607; x_wconf 89' lang='lat' dir='ltr'>die</span> 
     </span>
     <span class='ocr_line' id='line_1_24' title="bbox 160 2642 1389 2714; baseline -0.001 -18"><span class='ocrx_word' id='word_1_211' title='bbox 160 2643 258 2698; x_wconf 84' lang='lat' dir='ltr'>malum</span> <span class='ocrx_word' id='word_1_212' title='bbox 276 2643 355 2714; x_wconf 92' lang='lat' dir='ltr'>idque</span> <span class='ocrx_word' id='word_1_213' title='bbox 373 2646 492 2696; x_wconf 88' lang='lat' dir='ltr'>manaret</span> <span class='ocrx_word' id='word_1_214' title='bbox 514 2643 541 2696; x_wconf 93' lang='lat' dir='ltr'>in</span> <span class='ocrx_word' id='word_1_215' title='bbox 561 2643 616 2696; x_wconf 90' lang='lat' dir='ltr'>dies</span> <span class='ocrx_word' id='word_1_216' title='bbox 634 2643 745 2697; x_wconf 87' lang='lat' dir='ltr'>latius“.</span> <span class='ocrx_word' id='word_1_217' title='bbox 801 2643 951 2711; x_wconf 77' lang='lat' dir='ltr'>Erziehung</span> <span class='ocrx_word' id='word_1_218' title='bbox 978 2643 1024 2697; x_wconf 88' lang='lat' dir='ltr'>dor</span> <span class='ocrx_word' id='word_1_219' title='bbox 1050 2642 1149 2696; x_wconf 88' lang='lat' dir='ltr'>Kindor</span> <span class='ocrx_word' id='word_1_220' title='bbox 1177 2659 1208 2696; x_wconf 85' lang='lat' dir='ltr'>zu</span> <span class='ocrx_word' id='word_1_221' title='bbox 1236 2642 1324 2696; x_wconf 82' lang='lat' dir='ltr'>leiten.</span> <span class='ocrx_word' id='word_1_222' title='bbox 1353 2670 1389 2680; x_wconf 92' lang='lat'><em>-</em></span> 
     </span>
     <span class='ocr_line' id='line_1_25' title="bbox 197 2731 1389 2802; baseline -0.002 -16"><span class='ocrx_word' id='word_1_223' title='bbox 197 2732 382 2802; x_wconf 76' lang='lat' dir='ltr'>Quemquam]</span> <span class='ocrx_word' id='word_1_224' title='bbox 396 2732 496 2800; x_wconf 80' lang='lat' dir='ltr'>judoch,</span> <span class='ocrx_word' id='word_1_225' title='bbox 511 2732 619 2786; x_wconf 84' lang='lat' dir='ltr'>lreilich.</span> <span class='ocrx_word' id='word_1_226' title='bbox 648 2733 746 2797; x_wconf 70' lang='lat' dir='ltr'>eam:</span> <span class='ocrx_word' id='word_1_227' title='bbox 799 2733 926 2801; x_wconf 77' lang='lat' dir='ltr'>probatis</span> <span class='ocrx_word' id='word_1_228' title='bbox 939 2732 1130 2802; x_wconf 81' lang='lat' dir='ltr'>spectatisque]</span> <span class='ocrx_word' id='word_1_229' title='bbox 1150 2732 1206 2786; x_wconf 90' lang='lat' dir='ltr'>eine</span> <span class='ocrx_word' id='word_1_230' title='bbox 1221 2747 1278 2785; x_wconf 84' lang='lat' dir='ltr'>vom</span> <span class='ocrx_word' id='word_1_231' title='bbox 1291 2731 1389 2784; x_wconf 79' lang='lat' dir='ltr'>Pullion</span> 
     </span>
     <span class='ocr_line' id='line_1_26' title="bbox 161 2819 1389 2892; baseline 0 -18"><span class='ocrx_word' id='word_1_232' title='bbox 161 2839 208 2892; x_wconf 86' lang='lat' dir='ltr'>‚‚q.</span> <span class='ocrx_word' id='word_1_233' title='bbox 223 2821 288 2892; x_wconf 88' lang='lat' dir='ltr'>ipsis</span> <span class='ocrx_word' id='word_1_234' title='bbox 302 2821 405 2875; x_wconf 86' lang='lat' dir='ltr'>artibus</span> <span class='ocrx_word' id='word_1_235' title='bbox 417 2821 443 2874; x_wconf 93' lang='lat' dir='ltr'>in</span> <span class='ocrx_word' id='word_1_236' title='bbox 459 2824 501 2874; x_wconf 87' lang='lat' dir='ltr'>est</span> <span class='ocrx_word' id='word_1_237' title='bbox 514 2821 696 2874; x_wconf 85' lang='lat' dir='ltr'>exercitatio“.</span> <span class='ocrx_word' id='word_1_238' title='bbox 713 2851 746 2858; x_wconf 99' lang='lat'>—</span> <span class='ocrx_word' id='word_1_239' title='bbox 801 2821 873 2875; x_wconf 88' lang='lat' dir='ltr'>odler</span> <span class='ocrx_word' id='word_1_240' title='bbox 899 2821 1007 2874; x_wconf 84' lang='lat' dir='ltr'>Metalla</span> <span class='ocrx_word' id='word_1_241' title='bbox 1034 2822 1207 2888; x_wconf 83' lang='lat' dir='ltr'>libertragene</span> <span class='ocrx_word' id='word_1_242' title='bbox 1230 2819 1389 2874; x_wconf 82' lang='lat' dir='ltr'>Redeweiee.</span> 
     </span>
     <span class='ocr_line' id='line_1_27' title="bbox 160 2906 1388 2979; baseline -0.002 -14"><span class='ocrx_word' id='word_1_243' title='bbox 160 2909 262 2979; x_wconf 67' lang='lat' dir='ltr'>cesae]</span> <span class='ocrx_word' id='word_1_244' title='bbox 281 2910 323 2963; x_wconf 90' lang='lat' dir='ltr'>die</span> <span class='ocrx_word' id='word_1_245' title='bbox 342 2909 474 2963; x_wconf 75' lang='lat' dir='ltr'>erstendo</span> <span class='ocrx_word' id='word_1_246' title='bbox 492 2909 533 2963; x_wconf 93' lang='lat' dir='ltr'>bei</span> <span class='ocrx_word' id='word_1_247' title='bbox 552 2909 625 2975; x_wconf 87' lang='lat' dir='ltr'>euch,</span> <span class='ocrx_word' id='word_1_248' title='bbox 644 2909 672 2962; x_wconf 92' lang='lat' dir='ltr'>in</span> <span class='ocrx_word' id='word_1_249' title='bbox 687 2906 747 2963; x_wconf 88' lang='lat' dir='ltr'>Gal·</span> <span class='ocrx_word' id='word_1_250' title='bbox 801 2909 853 2965; x_wconf 84' lang='lat' dir='ltr'>Cic.</span> <span class='ocrx_word' id='word_1_251' title='bbox 873 2909 905 2963; x_wconf 89' lang='lat' dir='ltr'>de</span> <span class='ocrx_word' id='word_1_252' title='bbox 923 2925 959 2964; x_wconf 91' lang='lat' dir='ltr'>cr.</span> <span class='ocrx_word' id='word_1_253' title='bbox 978 2909 1003 2973; x_wconf 81' lang='grc' dir='ltr'>Ι,</span> <span class='ocrx_word' id='word_1_254' title='bbox 1024 2910 1090 2963; x_wconf 83' lang='lat'>124:</span> <span class='ocrx_word' id='word_1_255' title='bbox 1116 2909 1252 2976; x_wconf 87' lang='lat' dir='ltr'>„homines</span> <span class='ocrx_word' id='word_1_256' title='bbox 1276 2909 1388 2979; x_wconf 87' lang='lat' dir='ltr'>spectati</span> 
     </span>
     <span class='ocr_line' id='line_1_28' title="bbox 160 2997 1393 3070; baseline -0.002 -17"><span class='ocrx_word' id='word_1_257' title='bbox 160 3000 220 3054; x_wconf 88' lang='lat' dir='ltr'>lien.</span> <span class='ocrx_word' id='word_1_258' title='bbox 241 3029 275 3038; x_wconf 92' lang='lat'>—</span> <span class='ocrx_word' id='word_1_259' title='bbox 294 3015 342 3069; x_wconf 80' lang='lat' dir='ltr'>epo</span> <span class='ocrx_word' id='word_1_260' title='bbox 362 2999 394 3053; x_wconf 83' lang='lat' dir='ltr'>dc</span> <span class='ocrx_word' id='word_1_261' title='bbox 412 2997 491 3067; x_wconf 79' lang='lat' dir='ltr'>arbe]</span> <span class='ocrx_word' id='word_1_262' title='bbox 511 3016 531 3053; x_wconf 88' lang='lat' dir='ltr'>s.</span> <span class='ocrx_word' id='word_1_263' title='bbox 547 2999 611 3052; x_wconf 84' lang='lat' dir='ltr'>liber</span> <span class='ocrx_word' id='word_1_264' title='bbox 623 2997 747 3052; x_wconf 85' lang='lat' dir='ltr'>Messalla</span> <span class='ocrx_word' id='word_1_265' title='bbox 801 3002 829 3052; x_wconf 89' lang='lat' dir='ltr'>et</span> <span class='ocrx_word' id='word_1_266' title='bbox 853 2999 988 3070; x_wconf 87' lang='lat' dir='ltr'>probati“.</span> <span class='ocrx_word' id='word_1_267' title='bbox 1015 3029 1048 3038; x_wconf 94' lang='lat'><em>-</em></span> <span class='ocrx_word' id='word_1_268' title='bbox 1074 3015 1167 3054; x_wconf 84' lang='lat' dir='ltr'>coram</span> <span class='ocrx_word' id='word_1_269' title='bbox 1190 2999 1258 3068; x_wconf 82' lang='lat' dir='ltr'>qua]</span> <span class='ocrx_word' id='word_1_270' title='bbox 1282 2998 1320 3051; x_wconf 85' lang='lat' dir='ltr'>ist</span> <span class='ocrx_word' id='word_1_271' title='bbox 1344 2997 1393 3051; x_wconf 83' lang='lat' dir='ltr'>anf</span> 
     </span>
     <span class='ocr_line' id='line_1_29' title="bbox 160 3085 1390 3158; baseline -0.002 -16"><span class='ocrx_word' id='word_1_272' title='bbox 160 3088 229 3144; x_wconf 83' lang='lat' dir='ltr'>Einl.</span> <span class='ocrx_word' id='word_1_273' title='bbox 249 3088 275 3144; x_wconf 81' lang='lat' dir='ltr'>S.</span> <span class='ocrx_word' id='word_1_274' title='bbox 297 3090 320 3144; x_wconf 82' lang='grc'>7.</span> <span class='ocrx_word' id='word_1_275' title='bbox 340 3119 371 3128; x_wconf 94' lang='grc'><strong>-</strong></span> <span class='ocrx_word' id='word_1_276' title='bbox 393 3088 447 3158; x_wconf 78' lang='lat' dir='ltr'>tis]</span> <span class='ocrx_word' id='word_1_277' title='bbox 468 3113 499 3132; x_wconf 92' lang='lat'><em>=</em></span> <span class='ocrx_word' id='word_1_278' title='bbox 519 3087 631 3156; x_wconf 79' lang='lat' dir='ltr'>nostris,</span> <span class='ocrx_word' id='word_1_279' title='bbox 649 3089 685 3142; x_wconf 92' lang='lat' dir='ltr'>im</span> <span class='ocrx_word' id='word_1_280' title='bbox 699 3085 747 3142; x_wconf 88' lang='lat' dir='ltr'>Ge·</span> <span class='ocrx_word' id='word_1_281' title='bbox 797 3089 962 3158; x_wconf 73' lang='lat' dir='ltr'>propinqua</span> <span class='ocrx_word' id='word_1_282' title='bbox 980 3105 1012 3142; x_wconf 84' lang='lat' dir='ltr'>nu</span> <span class='ocrx_word' id='word_1_283' title='bbox 1030 3088 1160 3142; x_wconf 82' lang='lat' dir='ltr'>bozichen.</span> <span class='ocrx_word' id='word_1_284' title='bbox 1196 3087 1251 3141; x_wconf 89' lang='lat' dir='ltr'>Der</span> <span class='ocrx_word' id='word_1_285' title='bbox 1264 3087 1390 3141; x_wconf 84' lang='lat' dir='ltr'>Radende</span> 
     </span>
     <span class='ocr_line' id='line_1_30' title="bbox 159 3175 1392 3247; baseline -0.002 -15"><span class='ocrx_word' id='word_1_286' title='bbox 159 3181 268 3247; x_wconf 85' lang='lat' dir='ltr'>gensatz</span> <span class='ocrx_word' id='word_1_287' title='bbox 288 3195 318 3232; x_wconf 87' lang='lat' dir='ltr'>zu</span> <span class='ocrx_word' id='word_1_288' title='bbox 336 3183 434 3233; x_wconf 66' lang='lat' dir='ltr'>cosma.</span> <span class='ocrx_word' id='word_1_289' title='bbox 801 3179 861 3232; x_wconf 84' lang='lat' dir='ltr'>helt</span> <span class='ocrx_word' id='word_1_290' title='bbox 874 3196 902 3232; x_wconf 89' lang='lat' dir='ltr'>es</span> <span class='ocrx_word' id='word_1_291' title='bbox 916 3179 958 3232; x_wconf 89' lang='lat' dir='ltr'>llir</span> <span class='ocrx_word' id='word_1_292' title='bbox 971 3178 1083 3246; x_wconf 82' lang='lat' dir='ltr'>unndtig</span> <span class='ocrx_word' id='word_1_293' title='bbox 1096 3177 1313 3244; x_wconf 83' lang='lat' dir='ltr'>hervcrzuheben‚</span> <span class='ocrx_word' id='word_1_294' title='bbox 1330 3175 1392 3230; x_wconf 82' lang='lat' dir='ltr'>dass</span> 
     </span>
     <span class='ocr_line' id='line_1_31' title="bbox 200 3266 1388 3336; baseline 0.001 -17"><span class='ocrx_word' id='word_1_295' title='bbox 200 3280 239 3321; x_wconf 85' lang='lat' dir='ltr'>ro.</span> <span class='ocrx_word' id='word_1_296' title='bbox 268 3283 339 3336; x_wconf 82' lang='lat' dir='ltr'>quae</span> <span class='ocrx_word' id='word_1_297' title='bbox 366 3273 448 3322; x_wconf 80' lang='lat' dir='ltr'>catos</span> <span class='ocrx_word' id='word_1_298' title='bbox 471 3267 568 3322; x_wconf 81' lang='lat' dir='ltr'>statim</span> <span class='ocrx_word' id='word_1_299' title='bbox 591 3266 746 3335; x_wconf 73' lang='lat' dir='ltr'>acciperat]</span> <span class='ocrx_word' id='word_1_300' title='bbox 802 3267 849 3320; x_wconf 90' lang='lat' dir='ltr'>das</span> <span class='ocrx_word' id='word_1_301' title='bbox 863 3285 911 3321; x_wconf 88' lang='lat' dir='ltr'>von</span> <span class='ocrx_word' id='word_1_302' title='bbox 927 3267 973 3321; x_wconf 87' lang='lat' dir='ltr'>dor</span> <span class='ocrx_word' id='word_1_303' title='bbox 986 3268 1149 3321; x_wconf 82' lang='lat' dir='ltr'>eventuellen</span> <span class='ocrx_word' id='word_1_304' title='bbox 1163 3267 1388 3320; x_wconf 86' lang='lat' dir='ltr'>Stellvertroterin</span> 
     </span>
     <span class='ocr_line' id='line_1_32' title="bbox 159 3354 1389 3424; baseline 0.001 -17"><span class='ocrx_word' id='word_1_305' title='bbox 159 3354 218 3409; x_wconf 90' lang='lat' dir='ltr'>Wir</span> <span class='ocrx_word' id='word_1_306' title='bbox 236 3355 341 3409; x_wconf 85' lang='lat' dir='ltr'>wlirden</span> <span class='ocrx_word' id='word_1_307' title='bbox 360 3358 428 3409; x_wconf 85' lang='lat' dir='ltr'>otwa</span> <span class='ocrx_word' id='word_1_308' title='bbox 451 3371 545 3423; x_wconf 82' lang='lat' dir='ltr'>sagon:</span> <span class='ocrx_word' id='word_1_309' title='bbox 571 3355 687 3421; x_wconf 83' lang='lat' dir='ltr'>„welche</span> <span class='ocrx_word' id='word_1_310' title='bbox 705 3355 747 3408; x_wconf 91' lang='lat' dir='ltr'>be·</span> <span class='ocrx_word' id='word_1_311' title='bbox 802 3355 916 3424; x_wconf 79' lang='lat' dir='ltr'>Gesagte</span> <span class='ocrx_word' id='word_1_312' title='bbox 939 3356 1034 3411; x_wconf 86' lang='lat' dir='ltr'>ebenso</span> <span class='ocrx_word' id='word_1_313' title='bbox 1058 3356 1113 3410; x_wconf 92' lang='lat' dir='ltr'>und</span> <span class='ocrx_word' id='word_1_314' title='bbox 1135 3357 1163 3410; x_wconf 92' lang='lat' dir='ltr'>in</span> <span class='ocrx_word' id='word_1_315' title='bbox 1181 3356 1248 3410; x_wconf 89' lang='lat' dir='ltr'>noch</span> <span class='ocrx_word' id='word_1_316' title='bbox 1265 3355 1389 3409; x_wconf 83' lang='lat' dir='ltr'>hdherem</span> 
     </span>
     <span class='ocr_line' id='line_1_33' title="bbox 160 3443 1390 3512; baseline 0.001 -16"><span class='ocrx_word' id='word_1_317' title='bbox 160 3443 226 3496; x_wconf 84' lang='lat' dir='ltr'>reite</span> <span class='ocrx_word' id='word_1_318' title='bbox 245 3443 301 3496; x_wconf 90' lang='lat' dir='ltr'>ihre</span> <span class='ocrx_word' id='word_1_319' title='bbox 319 3443 410 3512; x_wconf 85' lang='lat' dir='ltr'>Wiege</span> <span class='ocrx_word' id='word_1_320' title='bbox 429 3444 587 3511; x_wconf 83' lang='lat' dir='ltr'>umgebon“.</span> <span class='ocrx_word' id='word_1_321' title='bbox 620 3443 669 3497; x_wconf 91' lang='lat' dir='ltr'>Die</span> <span class='ocrx_word' id='word_1_322' title='bbox 688 3444 748 3497; x_wconf 88' lang='lat' dir='ltr'>Per·</span> <span class='ocrx_word' id='word_1_323' title='bbox 802 3443 888 3500; x_wconf 85' lang='lat' dir='ltr'>Grada</span> <span class='ocrx_word' id='word_1_324' title='bbox 906 3445 948 3499; x_wconf 82' lang='lat' dir='ltr'>llir</span> <span class='ocrx_word' id='word_1_325' title='bbox 965 3445 1007 3499; x_wconf 93' lang='lat' dir='ltr'>die</span> <span class='ocrx_word' id='word_1_326' title='bbox 1025 3445 1128 3498; x_wconf 89' lang='lat' dir='ltr'>Muttcr</span> <span class='ocrx_word' id='word_1_327' title='bbox 1150 3445 1189 3498; x_wconf 89' lang='lat' dir='ltr'>als</span> <span class='ocrx_word' id='word_1_328' title='bbox 1211 3445 1314 3499; x_wconf 83' lang='lat' dir='ltr'>oberste</span> <span class='ocrx_word' id='word_1_329' title='bbox 1332 3443 1390 3498; x_wconf 85' lang='lat' dir='ltr'>Lei-</span> 
     </span>
     <span class='ocr_line' id='line_1_34' title="bbox 161 3531 1390 3602; baseline 0.001 -16"><span class='ocrx_word' id='word_1_330' title='bbox 161 3531 327 3586; x_wconf 82' lang='lat' dir='ltr'>ecniiilration</span> <span class='ocrx_word' id='word_1_331' title='bbox 352 3532 389 3585; x_wconf 87' lang='lat' dir='ltr'>ist</span> <span class='ocrx_word' id='word_1_332' title='bbox 406 3549 456 3586; x_wconf 88' lang='lat' dir='ltr'>vcu</span> <span class='ocrx_word' id='word_1_333' title='bbox 475 3532 535 3586; x_wconf 85' lang='lat' dir='ltr'>Tea.</span> <span class='ocrx_word' id='word_1_334' title='bbox 554 3533 602 3586; x_wconf 88' lang='lat' dir='ltr'>wie</span> <span class='ocrx_word' id='word_1_335' title='bbox 626 3533 654 3586; x_wconf 90' lang='lat' dir='ltr'>in</span> <span class='ocrx_word' id='word_1_336' title='bbox 678 3532 747 3586; x_wconf 88' lang='lat' dir='ltr'>allen</span> <span class='ocrx_word' id='word_1_337' title='bbox 802 3535 870 3588; x_wconf 86' lang='lat' dir='ltr'>terin</span> <span class='ocrx_word' id='word_1_338' title='bbox 884 3533 930 3587; x_wconf 90' lang='lat' dir='ltr'>der</span> <span class='ocrx_word' id='word_1_339' title='bbox 944 3533 1092 3602; x_wconf 84' lang='lat' dir='ltr'>Erziehung</span> <span class='ocrx_word' id='word_1_340' title='bbox 1105 3534 1214 3588; x_wconf 84' lang='lat' dir='ltr'>zutriiit.</span> <span class='ocrx_word' id='word_1_341' title='bbox 1244 3532 1390 3588; x_wconf 82' lang='lat' dir='ltr'>Jodenfalls</span> 
     </span>
     <span class='ocr_line' id='line_1_35' title="bbox 161 3620 1389 3690; baseline 0.001 -17"><span class='ocrx_word' id='word_1_342' title='bbox 161 3621 249 3676; x_wconf 87' lang='lat' dir='ltr'>soincn</span> <span class='ocrx_word' id='word_1_343' title='bbox 263 3620 401 3687; x_wconf 79' lang='lat' dir='ltr'>Schriften,</span> <span class='ocrx_word' id='word_1_344' title='bbox 421 3638 450 3675; x_wconf 87' lang='lat' dir='ltr'>sc</span> <span class='ocrx_word' id='word_1_345' title='bbox 468 3621 535 3674; x_wconf 89' lang='lat' dir='ltr'>auch</span> <span class='ocrx_word' id='word_1_346' title='bbox 548 3621 585 3674; x_wconf 91' lang='lat' dir='ltr'>im</span> <span class='ocrx_word' id='word_1_347' title='bbox 598 3621 667 3675; x_wconf 88' lang='lat' dir='ltr'>Dial.</span> <span class='ocrx_word' id='word_1_348' title='bbox 687 3621 748 3675; x_wconf 88' lang='lat' dir='ltr'>sehr</span> <span class='ocrx_word' id='word_1_349' title='bbox 802 3622 962 3677; x_wconf 85' lang='lat' dir='ltr'>subsumiert</span> <span class='ocrx_word' id='word_1_350' title='bbox 980 3639 1008 3675; x_wconf 88' lang='lat' dir='ltr'>er</span> <span class='ocrx_word' id='word_1_351' title='bbox 1025 3622 1246 3690; x_wconf 87' lang='lat' dir='ltr'>stillschueigend</span> <span class='ocrx_word' id='word_1_352' title='bbox 1264 3623 1300 3675; x_wconf 94' lang='lat' dir='ltr'>im</span> <span class='ocrx_word' id='word_1_353' title='bbox 1314 3621 1389 3690; x_wconf 81' lang='lat' dir='ltr'>Folg.</span> 
     </span>
     <span class='ocr_line' id='line_1_36' title="bbox 160 3709 1389 3779; baseline 0.002 -17"><span class='ocrx_word' id='word_1_354' title='bbox 160 3710 568 3778; x_wconf 81' lang='lat' dir='ltr'>riallachangewendetworden.</span> <span class='ocrx_word' id='word_1_355' title='bbox 580 3741 613 3750; x_wconf 90' lang='lat'>-</span> <span class='ocrx_word' id='word_1_356' title='bbox 628 3711 653 3765; x_wconf 81' lang='lat' dir='ltr'>ei</span> <span class='ocrx_word' id='word_1_357' title='bbox 663 3711 748 3779; x_wconf 77' lang='lat' dir='ltr'>prius</span> <span class='ocrx_word' id='word_1_358' title='bbox 802 3729 836 3766; x_wconf 89' lang='lat' dir='ltr'>ac</span> <span class='ocrx_word' id='word_1_359' title='bbox 858 3728 916 3764; x_wconf 75' lang='lat' dir='ltr'>uoce</span> <span class='ocrx_word' id='word_1_360' title='bbox 996 3711 1164 3779; x_wconf 74' lang='lat' dir='ltr'>temperabat</span> <span class='ocrx_word' id='word_1_361' title='bbox 1188 3710 1227 3764; x_wconf 88' lang='lat' dir='ltr'>als</span> <span class='ocrx_word' id='word_1_362' title='bbox 1253 3709 1389 3778; x_wconf 86' lang='lat' dir='ltr'>Subjekts·</span> 
     </span>
     <span class='ocr_line' id='line_1_37' title="bbox 216 3799 1390 3868; baseline 0 -15"><span class='ocrx_word' id='word_1_363' title='bbox 216 3799 398 3868; x_wconf 79' lang='lat' dir='ltr'>praedixero]</span> <span class='ocrx_word' id='word_1_364' title='bbox 418 3817 438 3854; x_wconf 88' lang='grc' dir='ltr'>ι.</span> <span class='ocrx_word' id='word_1_365' title='bbox 458 3817 490 3854; x_wconf 83' lang='lat' dir='ltr'>ru</span> <span class='ocrx_word' id='word_1_366' title='bbox 509 3801 551 3863; x_wconf 79' lang='lat'>18,</span> <span class='ocrx_word' id='word_1_367' title='bbox 571 3800 595 3853; x_wconf 79' lang='lat' dir='ltr'>l.</span> <span class='ocrx_word' id='word_1_368' title='bbox 620 3827 653 3838; x_wconf 89' lang='lat'>-</span> <span class='ocrx_word' id='word_1_369' title='bbox 676 3815 747 3853; x_wconf 77' lang='lat' dir='ltr'>sace·</span> <span class='ocrx_word' id='word_1_370' title='bbox 801 3799 896 3868; x_wconf 82' lang='lat' dir='ltr'>begriff</span> <span class='ocrx_word' id='word_1_371' title='bbox 920 3799 987 3853; x_wconf 86' lang='lat' dir='ltr'>auch</span> <span class='ocrx_word' id='word_1_372' title='bbox 1015 3799 1056 3852; x_wconf 89' lang='lat' dir='ltr'>die</span> <span class='ocrx_word' id='word_1_373' title='bbox 1083 3799 1199 3865; x_wconf 66' lang='lat' dir='ltr'>Matar,</span> <span class='ocrx_word' id='word_1_374' title='bbox 1227 3799 1281 3853; x_wconf 91' lang='lat' dir='ltr'>und</span> <span class='ocrx_word' id='word_1_375' title='bbox 1309 3799 1390 3854; x_wconf 85' lang='lat' dir='ltr'>sumit</span> 
     </span>
     <span class='ocr_line' id='line_1_38' title="bbox 159 3886 1389 3957; baseline 0.002 -17"><span class='ocrx_word' id='word_1_376' title='bbox 159 3887 245 3941; x_wconf 81' lang='lat' dir='ltr'>ritule</span> <span class='ocrx_word' id='word_1_377' title='bbox 269 3905 302 3942; x_wconf 87' lang='lat' dir='ltr'>ac</span> <span class='ocrx_word' id='word_1_378' title='bbox 326 3887 489 3957; x_wconf 76' lang='lat' dir='ltr'>disciplina]</span> <span class='ocrx_word' id='word_1_379' title='bbox 514 3889 572 3941; x_wconf 88' lang='lat' dir='ltr'>Wio</span> <span class='ocrx_word' id='word_1_380' title='bbox 597 3888 667 3941; x_wconf 86' lang='lat' dir='ltr'>diosa</span> <span class='ocrx_word' id='word_1_381' title='bbox 684 3888 747 3940; x_wconf 86' lang='lat' dir='ltr'>Ver·</span> <span class='ocrx_word' id='word_1_382' title='bbox 801 3889 899 3942; x_wconf 84' lang='lat' dir='ltr'>konnte</span> <span class='ocrx_word' id='word_1_383' title='bbox 922 3887 1098 3956; x_wconf 82' lang='lat' dir='ltr'>fcrlgolahron</span> <span class='ocrx_word' id='word_1_384' title='bbox 1117 3888 1233 3941; x_wconf 86' lang='lat' dir='ltr'>worden:</span> <span class='ocrx_word' id='word_1_385' title='bbox 1257 3887 1304 3942; x_wconf 82' lang='lat' dir='ltr'>Sic</span> <span class='ocrx_word' id='word_1_386' title='bbox 1323 3886 1389 3943; x_wconf 77' lang='lat' dir='ltr'>Cor·</span> 
     </span>
     <span class='ocr_line' id='line_1_39' title="bbox 160 3969 1072 4044; baseline 0.002 -16"><span class='ocrx_word' id='word_1_387' title='bbox 160 3975 280 4044; x_wconf 87' lang='lat' dir='ltr'>bindung</span> <span class='ocrx_word' id='word_1_388' title='bbox 301 3976 477 4043; x_wconf 82' lang='lat' dir='ltr'>aulrusassen,</span> <span class='ocrx_word' id='word_1_389' title='bbox 501 3977 591 4030; x_wconf 89' lang='lat' dir='ltr'>lehreu</span> <span class='ocrx_word' id='word_1_390' title='bbox 616 3975 657 4028; x_wconf 88' lang='lat' dir='ltr'>die</span> <span class='ocrx_word' id='word_1_391' title='bbox 680 3975 747 4029; x_wconf 86' lang='lat' dir='ltr'>Stel·</span> <span class='ocrx_word' id='word_1_392' title='bbox 800 3979 901 4032; x_wconf 79' lang='lat' dir='ltr'>aelium</span> <span class='ocrx_word' id='word_1_393' title='bbox 919 3981 969 4031; x_wconf 86' lang='lat' dir='ltr'>etc.</span> <span class='ocrx_word' id='word_1_394' title='bbox 1067 3969 1072 3986; x_wconf 87' lang='grc'><strong>’</strong></span> 
     </span>
     <span class='ocr_line' id='line_1_40' title="bbox 159 4063 1391 4135; baseline 0 -17"><span class='ocrx_word' id='word_1_395' title='bbox 159 4064 203 4118; x_wconf 87' lang='lat' dir='ltr'>len</span> <span class='ocrx_word' id='word_1_396' title='bbox 221 4065 256 4119; x_wconf 75' lang='lat'>29</span> <span class='ocrx_word' id='word_1_397' title='bbox 275 4081 298 4119; x_wconf 88' lang='lat' dir='ltr'>a.</span> <span class='ocrx_word' id='word_1_398' title='bbox 313 4063 356 4118; x_wconf 74' lang='lat' dir='ltr'>R:</span> <span class='ocrx_word' id='word_1_399' title='bbox 376 4066 539 4130; x_wconf 75' lang='lat' dir='ltr'>„serentate</span> <span class='ocrx_word' id='word_1_400' title='bbox 558 4064 746 4135; x_wconf 85' lang='lat' dir='ltr'>disciplinae“;</span> <span class='ocrx_word' id='word_1_401' title='bbox 837 4083 920 4122; x_wconf 73' lang='lat' dir='ltr'>curm</span> <span class='ocrx_word' id='word_1_402' title='bbox 999 4065 1182 4132; x_wconf 74' lang='lat' dir='ltr'>remissiones]</span> <span class='ocrx_word' id='word_1_403' title='bbox 1204 4065 1323 4119; x_wconf 86' lang='lat' dir='ltr'>Stundan</span> <span class='ocrx_word' id='word_1_404' title='bbox 1343 4065 1391 4119; x_wconf 89' lang='lat' dir='ltr'>der</span> 
     </span>
     <span class='ocr_line' id='line_1_41' title="bbox 159 4153 1388 4225; baseline 0 -18"><span class='ocrx_word' id='word_1_405' title='bbox 159 4153 204 4217; x_wconf 86' lang='lat'>40,</span> <span class='ocrx_word' id='word_1_406' title='bbox 221 4154 268 4208; x_wconf 85' lang='lat'>13:</span> <span class='ocrx_word' id='word_1_407' title='bbox 289 4153 474 4220; x_wconf 86' lang='lat' dir='ltr'>„severissima</span> <span class='ocrx_word' id='word_1_408' title='bbox 491 4153 658 4224; x_wconf 85' lang='lat' dir='ltr'>disciplina“.</span> <span class='ocrx_word' id='word_1_409' title='bbox 686 4154 746 4222; x_wconf 84' lang='lat' dir='ltr'>Vgl.</span> <span class='ocrx_word' id='word_1_410' title='bbox 801 4156 895 4210; x_wconf 82' lang='lat' dir='ltr'>Arbeit</span> <span class='ocrx_word' id='word_1_411' title='bbox 912 4156 967 4209; x_wconf 91' lang='lat' dir='ltr'>und</span> <span class='ocrx_word' id='word_1_412' title='bbox 986 4155 1032 4209; x_wconf 89' lang='lat' dir='ltr'>der</span> <span class='ocrx_word' id='word_1_413' title='bbox 1046 4154 1248 4225; x_wconf 82' lang='lat' dir='ltr'>Ausspounung.</span> <span class='ocrx_word' id='word_1_414' title='bbox 1281 4155 1344 4222; x_wconf 78' lang='lat' dir='ltr'>Agr.</span> <span class='ocrx_word' id='word_1_415' title='bbox 1358 4155 1388 4208; x_wconf 86' lang='lat'>9:</span> 
     </span>
     <span class='ocr_line' id='line_1_42' title="bbox 160 4243 1389 4315; baseline 0 -19"><span class='ocrx_word' id='word_1_416' title='bbox 160 4243 227 4296; x_wconf 87' lang='lat' dir='ltr'>auch</span> <span class='ocrx_word' id='word_1_417' title='bbox 246 4243 273 4297; x_wconf 88' lang='grc' dir='ltr'>Ζ.</span> <span class='ocrx_word' id='word_1_418' title='bbox 292 4244 341 4298; x_wconf 79' lang='lat'>23:</span> <span class='ocrx_word' id='word_1_419' title='bbox 361 4243 520 4314; x_wconf 87' lang='lat' dir='ltr'>„disciplina</span> <span class='ocrx_word' id='word_1_420' title='bbox 537 4261 567 4297; x_wconf 88' lang='lat' dir='ltr'>ac</span> <span class='ocrx_word' id='word_1_421' title='bbox 585 4244 745 4310; x_wconf 83' lang='lat' dir='ltr'>severitas“;</span> <span class='ocrx_word' id='word_1_422' title='bbox 802 4287 817 4312; x_wconf 85' lang='lat'>‚,</span> <span class='ocrx_word' id='word_1_423' title='bbox 825 4249 943 4315; x_wconf 86' lang='lat' dir='ltr'>tempora</span> <span class='ocrx_word' id='word_1_424' title='bbox 962 4261 1081 4298; x_wconf 86' lang='lat' dir='ltr'>curarum</span> <span class='ocrx_word' id='word_1_425' title='bbox 1101 4243 1332 4313; x_wconf 87' lang='lat' dir='ltr'>remissionumque</span> <span class='ocrx_word' id='word_1_426' title='bbox 1351 4243 1389 4296; x_wconf 92' lang='lat' dir='ltr'>di·</span> 
     </span>
     <span class='ocr_line' id='line_1_43' title="bbox 159 4330 886 4401; baseline 0.001 -14"><span class='ocrx_word' id='word_1_427' title='bbox 159 4330 248 4388; x_wconf 84' lang='lat' dir='ltr'>Germ.</span> <span class='ocrx_word' id='word_1_428' title='bbox 268 4333 315 4388; x_wconf 78' lang='lat'>25:</span> <span class='ocrx_word' id='word_1_429' title='bbox 337 4333 420 4401; x_wconf 86' lang='lat' dir='ltr'>„disc</span> <span class='ocrx_word' id='word_1_430' title='bbox 440 4351 470 4388; x_wconf 86' lang='lat' dir='ltr'>ac</span> <span class='ocrx_word' id='word_1_431' title='bbox 488 4333 656 4388; x_wconf 83' lang='lat' dir='ltr'>severitate“.</span> <span class='ocrx_word' id='word_1_432' title='bbox 800 4334 886 4388; x_wconf 84' lang='lat' dir='ltr'>viea“.</span> 
     </span>
    </p>
   </div>
   <div class='ocr_carea' id='block_1_6' title="bbox 0 0 1550 4878">
    <p class='ocr_par' dir='ltr' id='par_1_6' title="bbox 0 0 1550 4878">
     <span class='ocr_line' id='line_1_44' title="bbox 0 0 1550 4878; baseline 0 0"><span class='ocrx_word' id='word_1_433' title='bbox 0 0 1550 4878; x_wconf 95' lang='lat' dir='ltr'> </span> 
     </span>
    </p>
   </div>
  </div>
 </body>
</html>
