3092 4878
506 310 625 379 dialogus
643 311 675 363 de
694 311 850 364 oratoribus.
888 328 910 364 c.
929 313 972 366 30.
993 314 1036 366 31.
1351 312 1385 372 ll

153 477 189 540 et
211 475 329 538 iniusto
354 473 553 555 disputatur,
577 481 656 536 haec
680 473 764 536 enim
789 475 838 536 est
861 473 978 536 oratori
1002 474 1143 538 subiecta
1161 475 1387 539 addicendum

152 581 299 644 materia.
330 579 415 643 Nam
437 579 471 643 in
492 579 617 642 iudiciis
641 577 706 643 fere
731 579 768 642 dc
793 579 965 661 aequitate,
989 579 1022 642 in
1046 580 1324 645 deliberationibus
1348 582 1386 646 de

153 689 312 764 utilitate,
335 687 368 750 in
391 686 627 750 laudationibus
652 685 690 750 16
715 686 881 750 honestate
906 687 1108 765 disserimus,
1137 688 1184 751 ita
1212 690 1320 752 tamen
1350 691 1387 752 nt

152 795 343 878 plerumque
367 793 446 856 haee
469 793 538 874 ipsa
561 792 594 855 in
617 793 720 857 vicem
742 793 955 856 misceantur:
988 793 1026 857 de
1055 794 1170 875 quibus
1201 795 1324 877 copiose
1354 797 1387 858 et

154 902 241 966 varic
274 903 306 965 et
337 903 446 964 ornate
476 919 569 964 nemo
600 900 702 964 dicere
733 901 856 983 potest,
884 901 946 964 nisi
976 901 1031 982 qui
1061 902 1207 983 cognovit
1236 903 1430 966 naturamro

154 1010 332 1073 humanam
355 1009 388 1070 et
411 1008 476 1070 vim
499 1007 656 1071 virtutum
686 1008 940 1089 pravitatemque
972 1008 1123 1072 vitiorum
1152 1010 1185 1072 et
1213 1008 1310 1072 habet
1338 1009 1387 1072 in-

153 1115 322 1179 tellectum
335 1099 465 1191 eorum,
490 1132 570 1194 quae
594 1132 653 1178 neo
676 1115 709 1177 in
732 1114 904 1178 virtutibus
929 1134 987 1178 neo
1010 1116 1043 1177 in
1058 1115 1144 1179 vitiis
1168 1118 1387 1179 numerantur.

157 1222 206 1286 Ex
228 1222 278 1284 his
303 1220 444 1285 fontibus
468 1221 565 1285 etiam
588 1221 643 1284 illa
665 1220 843 1303 profluunt,
873 1223 910 1285 nt
934 1221 1057 1286 facilius
1087 1223 1168 1284 iram
1198 1222 1311 1286 iudicis
1335 1223 1387 1286 vel

156 1329 291 1410 instiget
313 1329 364 1392 vel
385 1328 494 1404 leniat,
519 1328 573 1409 qui
598 1328 657 1392 scit
681 1328 757 1409 quid
772 1329 827 1405 ira,
852 1329 884 1392 et
899 1330 1077 1412 promptius
1094 1328 1134 1392 ad
1150 1328 1386 1393 miserationem

156 1436 316 1518 impellat,
348 1435 402 1516 qui
426 1435 486 1498 soit
510 1433 586 1516 quid
610 1435 652 1498 sit
675 1433 890 1498 misericordia
915 1436 947 1498 et
971 1436 1086 1516 quibus
1118 1435 1216 1498 animi
1247 1437 1386 1500 motibus
1400 1457 1429 1497 rs

157 1543 343 1608 concitetur.
399 1541 439 1604 16
473 1541 523 1604 his
557 1541 679 1605 artibus
715 1541 1053 1623 exercitationibusque
1088 1547 1234 1606 versatus
1273 1545 1387 1621 orator,

157 1651 225 1714 sive
249 1649 334 1732 apud
365 1647 497 1712 16166166
529 1649 593 1712 sive
625 1649 709 1730 apud
740 1648 869 1730 cupidos
900 1642 965 1712 6166
997 1649 1082 1731 apud
1111 1649 1289 1713 invidentes
1321 1651 1386 1714 sive

157 1756 244 1838 apud
268 1756 375 1819 tristes
400 1755 465 1818 sive
490 1753 573 1836 apud
598 1755 747 1818 timentes
772 1755 939 1819 dicendum
963 1755 1119 1834 habuerit,
1143 1757 1265 1820 tenebit
1288 1776 1385 1821 venas

157 1862 346 1938 animorum,
370 1863 402 1925 ct
424 1862 521 1943 prout
544 1861 698 1942 cuiusque
721 1863 837 1925 natura
860 1862 1044 1944 postulabit,
1068 1861 1230 1926 adhibebit
1253 1883 1385 1934 manum

158 1971 193 2032 et
216 1968 405 2052 temperabit
428 1969 617 2045 orationem,
647 1969 758 2050 parato
783 1969 868 2032 omni
891 1968 1105 2032 instrumento
1130 1970 1163 2032 et
1191 1968 1231 2031 61
1260 1984 1429 2034 omnemao

157 2093 255 2138 usum
277 2075 422 2157 reposito.
470 2073 553 2138 Sunt
577 2074 661 2157 apud
686 2094 764 2157 quos
789 2075 979 2139 adstrictum
1003 2077 1036 2139 et
1059 2075 1228 2140 collectum
1259 2079 1291 2140 et
1322 2078 1386 2140 sin·

155 2287 223 2342 baec
249 2287 371 2341 subiecta
398 2285 437 2341 ad
462 2286 515 2342 die.
538 2285 669 2355 materia]
698 2287 744 2340 wie
797 2287 975 2355 bcabsichtigt
994 2287 1110 2341 subsint:
1128 2288 1266 2356 leindselig
1280 2318 1313 2326 —
1327 2305 1385 2358 par·

155 2375 209 2430 Cio.
229 2375 260 2428 de
283 2393 320 2429 or.
340 2375 378 2442 H,
399 2377 464 2429 llt:
494 2375 558 2442 „Ad
582 2375 743 2445 probandum
797 2376 892 2430 teliseh
909 2411 945 2420 -
963 2376 1132 2445 milsgdnstig
1153 2407 1187 2415 -
1205 2377 1382 2430 6616616616-

154 2469 244 2518 autam
264 2465 359 2534 duplex
379 2467 421 2517 est
439 2464 536 2518 oratori
556 2464 673 2518 subiecta
691 2481 744 2517 ma·
797 2464 937 2532 lingstlich.
962 2494 998 2503 -
1023 2465 1170 2520 dicendum
1187 2465 1328 2533 babuerit]
1349 2491 1381 2508 =

155 2553 236 2608 166166
244 2555 268 2607 “.
294 2583 327 2592 -
355 2554 387 2606 iu
411 2553 656 2607 deliberationibus
680 2553 742 2619 etc]
797 2569 884 2608 66666
904 2554 1014 2622 apeuda
1038 2555 1166 2623 obtineret
1189 2554 1328 2622 (oratori).
1348 2585 1382 2594 -

156 2642 232 2696 Auch
254 2643 295 2696 116
317 2659 399 2710 ganzo
417 2643 478 2710 folg.
498 2642 580 2695 Stella
599 2641 636 2696 ist
655 2641 743 2696 Cicero
797 2643 846 2695 Die
865 2642 1037 2712 Verbindnng
1059 2660 1108 2696 vcn
1131 2644 1229 2698 babere
1253 2644 1303 2696 mit
1326 2644 1384 2697 dem

155 2732 353 2800 nachgcbildot:
379 2732 511 2797 (16661,
533 2732 592 2785 141.
629 2731 678 2784 Die
701 2731 743 2783 be-
798 2729 939 2798 Gerundiv,
958 2731 1050 2799 6168,
1069 2734 1110 2786 11.
1131 2761 1163 2770 —
1183 2732 1385 2787 tenebitueuas

155 2822 253 2875 kanuto
290 2821 491 2874 herlrbmmlichc
525 2820 680 2888 Einteilung
715 2820 743 2873 in
798 2820 859 2889 eta]
878 2821 933 2874 Das
951 2838 1032 2886 ganne
1051 2821 1112 2874 Bild
1130 2822 1167 2874 ist
1185 2839 1235 2875 von
1253 2821 1299 2875 der
1317 2825 1385 2875 11661-

153 2927 238 2978 gcnus
256 2909 377 2963 iudiciale
395 2909 592 2976 (iudiciariam),
617 2909 743 2963 delibera·
797 2909 883 2963 liehen
898 2910 1053 2978 Thatiglreit
1071 2910 1200 2976 entlehnt,
1219 2910 1300 2963 daher
1318 2911 1384 2964 auch

155 2999 239 3052 tirum
271 2998 324 3052 und
352 2999 587 3053 demonstrativum
620 2997 743 3064 (laudati-
797 2998 941 3053 adhibebit
959 3016 1080 3053 manum.
1104 3030 1137 3037 —
1161 3001 1316 3053 66666166.
1337 3000 1385 3053 166

154 3089 234 3152 vum).
254 3116 288 3126 -
306 3088 349 3141 itu
368 3093 459 3142 tumere
477 3088 520 3155 ut]
539 3087 586 3140 wis
606 3088 648 3153 16,
662 3087 697 3140 22
716 3105 741 3140 u.
796 3086 902 3152 Innere,
926 3087 974 3140 166
994 3085 1116 3141 (16161616
1139 3087 1184 3141 166
1203 3087 1384 3156 Organismus.

152 3177 203 3243 38,
228 3179 253 3231 7.
279 3205 313 3214 -
337 3178 370 3231 iu
387 3177 473 3231 uicem
490 3175 668 3244 misceantur]
693 3177 743 3230 Ι)16
797 3175 848 3231 Cio.
860 3176 892 3230 16
902 3193 939 3229 or.
948 3177 970 3242 1,
981 3177 1048 3230 223:
1063 3180 1175 3242 „teneat
1188 3179 1293 3247 oportet
1305 3193 1384 3230 venas

154 3265 325 3334 Verbindung
343 3265 417 3319 steht
442 3267 508 3319 anch
527 3264 590 3334 Agr.
610 3266 659 3319 38:
685 3282 741 3332 „m
796 3265 921 3334 66166666
939 3265 1050 3333 generis,
1070 3266 1179 3333 6616116,
1199 3265 1297 3319 ordinis
1305 3267 1329 3319 “.

152 3356 223 3410 inv.
243 3355 331 3425 611666
349 3355 486 3409 66661116“.
829 3360 918 3424 prout
936 3355 1069 3422 cuiusque
1093 3357 1139 3420 (sc.
1159 3355 1263 3408 iudicis
1286 3353 1383 3420 infesti

194 3442 740 3510 (6.66166666166666666](1161666.
795 3444 852 3497 siue
876 3443 975 3512 cupidi
999 3443 1061 3508 etc.)
1085 3449 1192 3497 natura
1216 3443 1382 3512 postulabit]

152 3533 174 3599 1,
189 3531 238 3586 53:
258 3532 331 3599 „nisi
344 3533 390 3601 qui
403 3536 513 3586 naturas
527 3533 660 3586 hominnm
680 3533 741 3586 vim·
797 3532 851 3586 Der
864 3533 896 3586 R.
911 3532 961 3586 soll
975 3532 1097 3602 Fiihlung
1115 3533 1165 3586 mit
1179 3533 1267 3586 661666
1281 3532 1383 3586 Hbrcm

151 3638 204 3692 666
229 3638 329 3675 omnem
354 3621 529 3675 humanitatis
553 3623 660 3691 penitus
684 3639 741 3692 per·
797 3639 829 3675 zu
842 3622 977 3690 gewinnen
991 3623 1121 3689 bruchton,
1137 3622 1186 3675 soll
1203 3622 1245 3675 ihr
1259 3619 1382 3675 Naturali

152 3711 297 3781 spexerit“.
795 3711 964 3778 beobachten,
979 3711 1079 3765 danach
1093 3712 1130 3764 616
1139 3710 1287 3764 1616661616
1297 3711 1381 3777 (mou.

193 3811 232 3853 ts.
250 3801 289 3853 16
302 3800 346 3855 bis
360 3800 469 3854 artibus
533 3799 740 3867 aer·satus]d.h.
794 3801 901 3869 adhib.)
925 3801 993 3867 661,
1020 3803 1066 3854 wis
1087 3801 1156 3854 beirn
1175 3799 1381 3866 hrzcncimittel,

151 3889 204 3942 mit
221 3888 268 3942 der
285 3889 464 3959 Philosophia,
489 3889 673 3943 insbcsondsrc
691 3889 741 3942 mit
795 3890 836 3944 die
850 3891 940 3944 rcohte
953 3890 1031 3944 Dosis
1046 3907 1077 3942 cu
1091 3889 1184 3942 trsffcn
1198 3889 1291 3942 wisseu
1306 3889 1382 3955 (tem-

150 3977 258 4032 Scelen·
281 3978 335 4032 und
358 3977 531 4045 Sittenlehro,
550 3981 678 4032 vertraut.
706 4007 740 4016 -
791 3980 911 4048 perure).
930 3979 990 4046 Vgl.
1006 3977 1096 4043 Quint.
1110 3977 1172 4044 XII,
1186 3980 1226 4043 10,
1237 3978 1284 4032 56:
1305 3977 1383 4047 „plu-

150 4067 232 4136 apud
254 4064 369 4131 iuseetoa
392 4067 453 4134 ata]
479 4066 528 4120 Die
546 4066 607 4135 Adj.
626 4067 740 4120 bezeich-
794 4068 888 4122 rimum
913 4067 1008 4133 refert,
1038 4066 1165 4135 quomodo
1189 4066 1280 4118 661166
1305 4065 1382 4118 iudex

152 4173 203 4210 uon
222 4155 560 4224 Charaktereigensehaltcn
580 4155 643 4209 6166
660 4155 740 4208 Stim·
794 4156 956 4224 volitatque
975 4156 1031 4208 cius
1050 4155 1140 4208 vultus
1160 4171 1236 4224 saepe
1254 4155 1310 4225 ipsc
1329 4171 1382 4207 reo-

151 4261 266 4313 mungen
285 4244 331 4297 166
349 4245 549 4298 verschiedcnen
567 4244 690 4311 Richter,
711 4261 739 4297 66
795 4247 896 4298 166661
915 4243 1055 4297 11666116“.

147 4333 255 4402 jedoch,
282 4332 340 4386 dats
363 4334 420 4387 elne
442 4333 562 4402 gradatio
581 4332 739 4388 descendens
832 4345 872 4386 66.
896 4331 970 4386 Suut
989 4333 1067 4402 apud
1085 4349 1153 4402 6666
1232 4332 1312 4399 apud
1333 4332 1381 4386 bos
