3098 4862
153 337 189 398 40
661 337 773 393 Cornelii
791 335 876 391 Taciti

112 520 254 583 requam
285 501 363 565 satis
396 500 478 565 servi
508 499 658 563 videntur
688 517 746 563 nec
775 498 866 562 nobis
898 498 977 562 satis
1007 497 1127 562 liberi?
1185 497 1274 577 Quae
1305 499 1390 564 haec

155 626 283 673 summa
313 626 422 672 eorum
452 606 595 690 potentia
626 605 697 669 est?
743 605 883 669 Tantum
914 623 1006 686 posse
1037 605 1143 668 liberti
1173 606 1285 669 solent.
1331 605 1389 670 Me

155 731 230 779 vero
265 713 422 804 dulces,
456 713 494 776 ut
523 711 678 793 Virgilius
708 711 767 788 ait,
797 711 951 788 Musae,
983 712 1143 775 remotum
1178 729 1197 774 a
1232 711 1387 776 sollicitu-

156 819 283 884 dinibus
313 822 347 884 et
374 819 457 885 curis
487 820 520 882 et
541 817 732 882 necessitate
756 817 869 882 cotidie
894 816 1015 898 ahquid
1039 817 1148 881 contra
1172 817 1315 882 animum
1338 817 1390 881 fa-

157 926 268 1004 ciendi,
291 926 324 990 iu
347 926 402 990 illa
426 925 548 989 seorsis
570 925 705 1005 illosque
730 923 770 987 ad
787 923 884 987 fontis
900 923 1022 997 ferant;
1045 941 1104 987 nec
1126 923 1276 988 insanum
1299 924 1386 988 ultra

113 1033 191 1098 rost
212 1032 371 1097 lubricum
399 1031 503 1096 ferum
531 1030 714 1111 famamque
743 1030 917 1113 pellentem
945 1029 1088 1113 trepidus
1117 1032 1267 1113 experiar.
1313 1030 1387 1094 Nun

156 1157 209 1204 me
238 1138 385 1202 fremitus
416 1137 626 1203 salutantium
655 1156 714 1202 nee
745 1136 912 1200 anhelans
927 1137 1061 1200 libertus
1090 1137 1221 1214 excitet,
1251 1156 1310 1202 nec
1339 1138 1390 1200 in·

159 1245 265 1309 certus
288 1244 389 1308 futuri
412 1245 643 1308 testamentum
666 1260 723 1326 pro
745 1244 876 1326 pignore
900 1243 1050 1319 scribam,
1074 1261 1133 1308 nec
1154 1245 1228 1327 plus
1250 1244 1389 1308 habeam

160 1369 257 1433 quam
290 1349 373 1431 quod
402 1350 521 1434 possim
553 1351 604 1414 cui
638 1349 736 1414 velim
769 1350 949 1431 relinquere
985 1348 1177 1431 quandoque
1211 1349 1319 1414 fatalis
1355 1352 1391 1414 et

159 1622 194 1644 =
213 1599 345 1667 cuiusque
364 1598 487 1667 ceucris,
511 1598 558 1652 wie
577 1598 608 1664 2,
627 1597 675 1651 14:
701 1613 745 1664 ,,ο.
801 1596 972 1665 „aufregend
986 1596 1269 1650 aufreibend“stehen.
1285 1623 1318 1634 -
1335 1602 1391 1651 tre·

159 1687 327 1742 eruditione“
346 1703 372 1741 u.
391 1691 413 1740 ὃ.
795 1684 896 1754 pidus]
921 1685 970 1752 „in
989 1685 1151 1753 dugstlicher
1168 1685 1269 1739 Hest“.
1289 1714 1323 1722 —
1343 1700 1389 1739 eu·

200 1787 239 1829 tc.
259 1774 361 1841 liberti]
381 1775 426 1828 des
445 1774 559 1829 Kaisers.
796 1774 898 1842 periri]
911 1773 1390 1841 ,‚Behanntschadtmacheumit...“,

195 1869 228 1918 ut
260 1863 394 1931 Virqa'lr‘us
425 1864 480 1930 uit]
515 1863 748 1931 (Wortstellungl)
800 1861 871 1916 Hist.
891 1862 933 1928 11,
952 1862 1000 1929 47,
1019 1863 1050 1917 4:
1071 1863 1191 1933 „experti
1210 1880 1315 1930 sumus,
1340 1863 1392 1916 fcr-

161 1951 255 2020 Gccrg.
270 1952 306 2019 ΙΙ,
320 1951 387 2006 475ε
408 1968 469 2018 „me
484 1969 542 2006 vero
560 1952 673 2021 primum
692 1951 747 2005 dul·
802 1953 867 2004 tuna
885 1953 912 2003 et
930 1951 1008 2018 eg0“.

161 2057 204 2095 cas
229 2044 290 2094 ante
315 2040 402 2094 omnia
419 2039 511 2093 Musae
535 2040 694 2109 accipiant“.
713 2069 747 2078 —
837 2038 964 2104 fremitus
981 2041 1179 2108 salutantium]
1198 2040 1265 2096 Anu.
1280 2041 1326 2108 IV,
1341 2041 1393 2095 41:

161 2129 399 2186 sollicitudinibus
427 2134 454 2183 ct
480 2131 556 2184 curis
583 2135 610 2183 et
636 2129 747 2196 uaccas]
803 2128 948 2198 „adempta
975 2129 1140 2184 salutantum
1172 2131 1282 2184 turba“.
1328 2129 1391 2198 Vgl.

162 2219 330 2288 Steigerungl
371 2217 542 2271 Wortfermen
567 2218 618 2271 mit
636 2217 749 2286 daktyli-
801 2216 874 2286 Virg.
895 2215 988 2286 Georg.
1008 2218 1048 2286 11,
1067 2220 1132 2274 462:
1159 2236 1254 2286 „mane
1273 2218 1393 2272 salutan-

163 2309 249 2362 sebem
259 2307 410 2376 Rhythmue
425 2307 472 2361 wie
486 2305 748 2362 saltwurdenmeist
803 2308 859 2359 tum
884 2307 949 2360 totis
969 2308 1049 2361 vomit
1073 2308 1181 2362 aedibus
1206 2307 1335 2362 undam“.
1355 2335 1390 2347 -·

162 2415 211 2452 von
226 2398 276 2451 deu
289 2397 444 2451 Prosaikern
458 2396 600 2466 gemiedeu.
628 2395 749 2450 DieVer·
802 2394 887 2448 Unter
901 2396 1035 2450 uubclaus
1050 2397 1163 2452 libertus
1171 2397 1209 2450 ist
1219 2397 1391 2450 wabrechein·

162 2486 281 2555 bindung
305 2487 351 2540 der
375 2486 522 2555 Synonyma
544 2487 602 2541 soll.
626 2490 651 2539 ct
678 2501 749 2541 auru
803 2483 856 2538 lich
874 2484 916 2538 ein
940 2485 1109 2540 kaiserlicher
1126 2485 1334 2554 Eheigelassener
1358 2502 1392 2538 zu

163 2573 283 2643 (‚‚hngst
301 2575 355 2629 und
374 2574 489 2643 Serge“)
506 2574 590 2628 findet
608 2575 663 2628 sich
682 2573 749 2627 auch
803 2572 948 2639 veniebam
968 2574 1077 2628 welcher
1096 2574 1154 2627 dem
1173 2572 1317 2641 Giinstling
1334 2573 1395 2627 eine

162 2663 204 2717 bei
223 2661 314 2727 Quint.
332 2664 386 2730 XI,
409 2663 498 2730 1,44.
525 2693 558 2702 —
583 2663 698 2731 secreta]
723 2662 748 2716 S.
804 2661 947 2729 stringende
979 2662 1118 2716 Botsehaft
1153 2679 1185 2716 zu
1216 2663 1394 2731 iiberbringen

164 2750 254 2818 Quint.
273 2751 312 2818 X,
331 2753 361 2819 3,
379 2753 428 2806 30:
453 2753 519 2818 „ille
537 2755 629 2805 tantus
649 2756 751 2805 ametor
804 2749 861 2803 hat.
890 2780 923 2788 —
951 2749 1075 2806 incertus
1102 2751 1208 2820 futuri]
1242 2751 1394 2820 „ungewils

164 2841 258 2895 secreti
283 2841 506 2908 Demosthenes“;
536 2843 566 2908 7,
593 2843 640 2895 16:
669 2858 750 2908 „eum
804 2839 951 2893 iiber...“.
975 2839 1035 2908 Vgl.
1055 2839 1126 2894 Hist.
1146 2839 1181 2907 11,
1200 2841 1249 2895 46:
1270 2839 1393 2907 „consilii

165 2931 243 2985 stilus
263 2934 362 2984 secreto
380 2930 495 2998 gaudeat
513 2933 593 3000 atque
607 2947 696 2983 omnes
710 2947 749 2983 ar·
805 2929 924 2981 cerrum.
956 2927 1025 2982 Anu.
1042 2929 1103 2995 XII,
1118 2931 1164 2984 66:
1185 2929 1310 2996 „sceleris
1329 2929 1392 2983 olim

164 3019 440 3074 bitrosrelcrmidet“.
452 3049 482 3057 —
494 3018 637 3090 imauum]
653 3019 749 3087 ‚,toll“‚
805 3018 897 3070 certa“
917 3017 1125 3084 (entechlcssen).
1147 3047 1178 3055 -
1194 3035 1249 3088 pro
1261 3017 1394 3088 piyuore]

149 3109 215 3162 'mit
247 3109 343 3162 seinem
373 3110 474 3162 wlisteu
501 3109 586 3162 Liirm.
632 3109 752 3163 iusauus
804 3106 864 3174 vgl.
883 3105 982 3160 Justin.
1001 3106 1101 3174 XXVI,
1129 3109 1157 3173 l,
1183 3109 1215 3162 8:
1240 3124 1339 3174 „senex
1364 3109 1397 3160 et

164 3198 264 3252 kommt
282 3214 334 3251 nur
350 3196 407 3250 hier
425 3197 465 3251 bei
480 3196 540 3251 Tac.
555 3214 614 3264 vor3
634 3198 675 3252 die
689 3197 751 3250 Ver·
806 3196 897 3262 orbus,
917 3200 949 3249 ut
967 3196 1012 3266 qui
1030 3213 1077 3250 nec
1095 3196 1192 3249 aetatis
1210 3213 1258 3249 nec
1275 3195 1394 3265 pignoris

164 3285 284 3354 bindung
307 3286 360 3340 ius.
378 3285 432 3352 sor.
456 3286 494 3339 ist
511 3285 597 3354 Virgil
621 3286 751 3353 entlehnt,
806 3287 927 3355 respectu
945 3286 1080 3339 timeret“.
1117 3284 1166 3338 Als
1188 3286 1263 3339 besta
1282 3284 1396 3339 Gewthr

166 3375 212 3428 der
225 3373 317 3443 Georg.
328 3375 364 3441 11,
374 3374 427 3429 502
441 3392 498 3429 vom
512 3375 664 3429 Landmann
679 3379 751 3444 sagt:
806 3374 848 3427 fiir
861 3374 903 3427 die
913 3373 1062 3442 Gliltigkeit
1075 3374 1145 3428 eines
1155 3373 1321 3428 Testameuts
1335 3373 1397 3442 gelt

167 3481 237 3532 „nec
254 3464 337 3516 ferrea
350 3464 408 3517 iura
421 3464 593 3534 insanumque
607 3465 691 3519 forum
705 3467 753 3518 aut
806 3465 885 3517 unter
909 3464 1034 3517 manchon
1060 3467 1123 3518 rdm.
1142 3463 1254 3518 Kaisern
1273 3464 1315 3517 die
1333 3461 1396 3517 Ein-

166 3553 256 3624 papuli
274 3552 405 3606 tabularia
423 3553 519 3608 vidit“.
807 3554 918 3620 setzung
936 3552 1070 3607 derselben
1090 3553 1130 3606 als
1148 3553 1287 3607 Miterben.
1324 3551 1396 3607 Anu.

204 3653 245 3695 20.
263 3641 369 3708 samam
384 3641 546 3710 pallentem]
565 3642 653 3696 erhilt
671 3642 753 3696 durch
806 3640 884 3708 XVI,
905 3643 955 3695 ll:
982 3659 1098 3710 „magna
1121 3659 1152 3696 ex
1175 3645 1250 3714 parte
1273 3642 1395 3696 heredem

167 3730 214 3784 das
226 3729 356 3798 Folgende
371 3731 441 3784 scine
452 3730 613 3799 Erkliirung:
628 3731 669 3785 die
684 3731 753 3798 „Be-
808 3729 943 3785 Caesarem
962 3747 1111 3801 nuncupare
1130 3734 1209 3802 atque
1233 3731 1272 3785 ita
1294 3731 1396 3800 nepeti-

167 3819 334 3873 rtihmtheit“
359 3819 449 3873 macht
473 3819 548 3873 einen
573 3837 632 3874 zum
654 3819 753 3888 Gegen·
807 3820 857 3873 bus
872 3819 903 3873 de
918 3819 1017 3890 reliquo
1032 3820 1196 3875 consulere“.
1221 3819 1285 3888 Agr.
1300 3820 1344 3874 43.
1361 3849 1396 3859 -

168 3908 246 3962 stand
276 3908 481 3962 fcrtwdhrender
506 3906 753 3977 Aufmerhsamleit‚
808 3908 984 3978 quaudoque]
1011 3909 1078 3962 nach
1103 3909 1322 3963 altertiimliehem
1347 3905 1397 3961 Ge-

168 4014 197 4051 sc
216 3996 274 4050 dass
292 4013 351 4049 man
366 3996 441 4050 nicht
455 4013 485 4050 zu
500 3997 621 4065 ruhigem
635 3995 753 4052 Genusse
807 3997 906 4051 brauch
934 4021 968 4041 τι
991 3997 1231 4066 quandocumque;
1259 3995 1326 4049 auch
1353 3993 1396 4047 bei

167 4086 275 4140 kommt.
300 4085 416 4156 palleus,
435 4085 501 4139 auch
520 4087 560 4139 als
574 4087 688 4140 Beiwort
705 4104 753 4141 von
807 4086 896 4140 livius
915 4103 939 4141 u.
959 4103 982 4140 a.
1014 4086 1073 4155 Vgl.
1090 4085 1157 4140 hun.
1172 4086 1193 4152 1,
1210 4087 1239 4140 6:
1260 4083 1397 4154 „quando-

167 4174 285 4242 morbus‚
305 4191 374 4229 cura
392 4179 441 4230 etc.
460 4175 619 4244 gebraucht,
637 4177 693 4230 ber.
712 4177 754 4230 die
809 4191 859 4245 quc
960 4175 1154 4244 explevisset“;
1186 4173 1232 4239 IV,
1251 4173 1301 4228 38:
1331 4189 1396 4242 squ.

169 4263 251 4316 durch
264 4262 419 4333 Aufregung
434 4264 647 4334 hervorgerufene
661 4265 755 4320 krank·
809 4265 987 4318 concesser0“.
1008 4291 1041 4301 -
1060 4263 1160 4329 fatalis
1179 4263 1232 4316 und
1246 4279 1323 4317 meus
1337 4259 1397 4316 sind

167 4353 240 4407 hatte
253 4353 346 4408 Blasse
360 4353 415 4408 und
428 4355 498 4409 kann
511 4353 700 4422 metonymisch
713 4354 755 4407 llir
809 4353 837 4406 in
851 4352 948 4406 diesem
962 4351 1188 4420 Zusammenhang
1202 4351 1399 4407 siunverwandt
