<?xml version="1.0" encoding="UTF-8"?>
<!DOCTYPE html PUBLIC "-//W3C//DTD XHTML 1.0 Transitional//EN"
    "http://www.w3.org/TR/xhtml1/DTD/xhtml1-transitional.dtd">
<html xmlns="http://www.w3.org/1999/xhtml" xml:lang="en" lang="en">
 <head>
  <title>
</title>
<meta http-equiv="Content-Type" content="text/html;charset=utf-8" />
  <meta name='ocr-system' content='tesseract 3.04.00' />
  <meta name='ocr-capabilities' content='ocr_page ocr_carea ocr_par ocr_line ocrx_word'/>
</head>
<body>
  <div class='ocr_page' id='page_1' title='image "./corneliitacitid02tacigoog_0070.png"; bbox 0 0 3092 4878; ppageno 0'>
   <div class='ocr_carea' id='block_1_1' title="bbox 517 316 1390 386">
    <p class='ocr_par' dir='ltr' id='par_1_1' title="bbox 517 316 1390 386">
     <span class='ocr_line' id='line_1_1' title="bbox 517 316 1390 386; baseline 0.008 -16"><span class='ocrx_word' id='word_1_1' title='bbox 517 316 636 386; x_wconf 78' lang='lat' dir='ltr'><strong>dialogus</strong></span> <span class='ocrx_word' id='word_1_2' title='bbox 655 316 687 370; x_wconf 86' lang='lat' dir='ltr'>de</span> <span class='ocrx_word' id='word_1_3' title='bbox 705 317 860 371; x_wconf 87' lang='lat' dir='ltr'>oratoribus.</span> <span class='ocrx_word' id='word_1_4' title='bbox 898 335 919 372; x_wconf 91' lang='lat' dir='ltr'>c.</span> <span class='ocrx_word' id='word_1_5' title='bbox 938 318 982 372; x_wconf 92' lang='lat'>21.</span> <span class='ocrx_word' id='word_1_6' title='bbox 1001 318 1045 372; x_wconf 89' lang='lat'>22.</span> <span class='ocrx_word' id='word_1_7' title='bbox 1356 316 1390 377; x_wconf 78' lang='grc'>61</span> 
     </span>
    </p>
   </div>
   <div class='ocr_carea' id='block_1_2' title="bbox 163 477 1436 1519">
    <p class='ocr_par' dir='ltr' id='par_1_2' title="bbox 163 477 1436 1519">
     <span class='ocr_line' id='line_1_2' title="bbox 164 477 1393 561; baseline 0.002 -21"><span class='ocrx_word' id='word_1_8' title='bbox 164 477 342 540; x_wconf 90' lang='lat' dir='ltr'>sententias</span> <span class='ocrx_word' id='word_1_9' title='bbox 365 477 500 552; x_wconf 84' lang='lat' dir='ltr'>invenit,</span> <span class='ocrx_word' id='word_1_10' title='bbox 530 478 642 559; x_wconf 90' lang='lat' dir='ltr'>utique</span> <span class='ocrx_word' id='word_1_11' title='bbox 669 477 703 540; x_wconf 93' lang='lat' dir='ltr'>in</span> <span class='ocrx_word' id='word_1_12' title='bbox 730 477 770 541; x_wconf 93' lang='lat' dir='ltr'>iis</span> <span class='ocrx_word' id='word_1_13' title='bbox 794 479 1003 556; x_wconf 89' lang='lat' dir='ltr'>orationihus,</span> <span class='ocrx_word' id='word_1_14' title='bbox 1034 498 1112 561; x_wconf 88' lang='lat' dir='ltr'>quas</span> <span class='ocrx_word' id='word_1_15' title='bbox 1142 479 1208 542; x_wconf 90' lang='lat' dir='ltr'>iam</span> <span class='ocrx_word' id='word_1_16' title='bbox 1232 479 1336 542; x_wconf 89' lang='lat' dir='ltr'>senior</span> <span class='ocrx_word' id='word_1_17' title='bbox 1359 481 1393 543; x_wconf 91' lang='lat' dir='ltr'>et</span> 
     </span>
     <span class='ocr_line' id='line_1_3' title="bbox 165 583 1393 667; baseline 0.002 -21"><span class='ocrx_word' id='word_1_18' title='bbox 165 584 255 648; x_wconf 86' lang='lat' dir='ltr'>iuxta</span> <span class='ocrx_word' id='word_1_19' title='bbox 281 583 378 647; x_wconf 87' lang='lat' dir='ltr'>finem</span> <span class='ocrx_word' id='word_1_20' title='bbox 408 584 492 647; x_wconf 87' lang='lat' dir='ltr'>vitae</span> <span class='ocrx_word' id='word_1_21' title='bbox 522 584 713 666; x_wconf 79' lang='lat' dir='ltr'><strong>composuit,</strong></span> <span class='ocrx_word' id='word_1_22' title='bbox 742 583 861 661; x_wconf 89' lang='lat' dir='ltr'>idest,</span> <span class='ocrx_word' id='word_1_23' title='bbox 890 587 1061 667; x_wconf 88' lang='lat' dir='ltr'>postquam</span> <span class='ocrx_word' id='word_1_24' title='bbox 1089 586 1193 666; x_wconf 84' lang='lat' dir='ltr'>magis</span> <span class='ocrx_word' id='word_1_25' title='bbox 1216 583 1393 667; x_wconf 79' lang='lat' dir='ltr'>profecerat</span> 
     </span>
     <span class='ocr_line' id='line_1_4' title="bbox 166 691 1392 774; baseline 0.002 -20"><span class='ocrx_word' id='word_1_26' title='bbox 166 709 291 772; x_wconf 89' lang='lat' dir='ltr'>usuque</span> <span class='ocrx_word' id='word_1_27' title='bbox 320 692 353 754; x_wconf 90' lang='lat' dir='ltr'>et</span> <span class='ocrx_word' id='word_1_28' title='bbox 383 691 605 774; x_wconf 80' lang='lat' dir='ltr'>experimentis</span> <span class='ocrx_word' id='word_1_29' title='bbox 636 691 805 770; x_wconf 86' lang='lat' dir='ltr'>didicorat,</span> <span class='ocrx_word' id='word_1_30' title='bbox 837 691 921 772; x_wconf 90' lang='lat' dir='ltr'>quod</span> <span class='ocrx_word' id='word_1_31' title='bbox 951 692 1108 774; x_wconf 90' lang='lat' dir='ltr'>optimum</span> <span class='ocrx_word' id='word_1_32' title='bbox 1137 691 1261 755; x_wconf 89' lang='lat' dir='ltr'>dicendi</span> <span class='ocrx_word' id='word_1_33' title='bbox 1291 710 1392 774; x_wconf 84' lang='lat' dir='ltr'>genus</span> 
     </span>
     <span class='ocr_line' id='line_1_5' title="bbox 165 796 1436 879; baseline -0.002 -18"><span class='ocrx_word' id='word_1_34' title='bbox 165 798 259 861; x_wconf 86' lang='lat' dir='ltr'>esset.</span> <span class='ocrx_word' id='word_1_35' title='bbox 304 796 389 860; x_wconf 90' lang='lat' dir='ltr'>Nam</span> <span class='ocrx_word' id='word_1_36' title='bbox 417 797 537 879; x_wconf 87' lang='lat' dir='ltr'>priores</span> <span class='ocrx_word' id='word_1_37' title='bbox 566 798 635 861; x_wconf 86' lang='lat' dir='ltr'>eius</span> <span class='ocrx_word' id='word_1_38' title='bbox 663 797 821 862; x_wconf 87' lang='lat' dir='ltr'>orationes</span> <span class='ocrx_word' id='word_1_39' title='bbox 844 817 907 862; x_wconf 90' lang='lat' dir='ltr'>non</span> <span class='ocrx_word' id='word_1_40' title='bbox 931 800 1041 863; x_wconf 88' lang='lat' dir='ltr'>carent</span> <span class='ocrx_word' id='word_1_41' title='bbox 1063 799 1149 862; x_wconf 81' lang='lat' dir='ltr'>vitiis</span> <span class='ocrx_word' id='word_1_42' title='bbox 1172 798 1391 879; x_wconf 75' lang='lat' dir='ltr'>antiquitatis:</span> <span class='ocrx_word' id='word_1_43' title='bbox 1406 815 1436 858; x_wconf 77' lang='lat' dir='ltr'>so</span> 
     </span>
     <span class='ocr_line' id='line_1_6' title="bbox 164 903 1394 986; baseline 0.002 -20"><span class='ocrx_word' id='word_1_44' title='bbox 164 903 273 967; x_wconf 86' lang='lat' dir='ltr'>lentus</span> <span class='ocrx_word' id='word_1_45' title='bbox 296 905 346 967; x_wconf 91' lang='lat' dir='ltr'>cst</span> <span class='ocrx_word' id='word_1_46' title='bbox 368 904 401 966; x_wconf 94' lang='lat' dir='ltr'>in</span> <span class='ocrx_word' id='word_1_47' title='bbox 423 903 599 986; x_wconf 89' lang='lat' dir='ltr'>principiis,</span> <span class='ocrx_word' id='word_1_48' title='bbox 622 903 736 985; x_wconf 87' lang='lat' dir='ltr'>longus</span> <span class='ocrx_word' id='word_1_49' title='bbox 759 904 793 967; x_wconf 89' lang='lat' dir='ltr'>in</span> <span class='ocrx_word' id='word_1_50' title='bbox 815 905 1068 981; x_wconf 87' lang='lat' dir='ltr'>narrationibus,</span> <span class='ocrx_word' id='word_1_51' title='bbox 1091 905 1211 968; x_wconf 90' lang='lat' dir='ltr'>otiosus</span> <span class='ocrx_word' id='word_1_52' title='bbox 1235 904 1318 968; x_wconf 89' lang='lat' dir='ltr'>circa</span> <span class='ocrx_word' id='word_1_53' title='bbox 1341 923 1394 968; x_wconf 86' lang='lat' dir='ltr'>ex·</span> 
     </span>
     <span class='ocr_line' id='line_1_7' title="bbox 165 1001 1393 1094; baseline 0 -20"><span class='ocrx_word' id='word_1_54' title='bbox 165 1029 290 1085; x_wconf 73' lang='lat' dir='ltr'>cessus,</span> <span class='ocrx_word' id='word_1_55' title='bbox 320 1009 411 1074; x_wconf 85' lang='lat' dir='ltr'>tarde</span> <span class='ocrx_word' id='word_1_56' title='bbox 435 1012 667 1087; x_wconf 82' lang='lat' dir='ltr'>commovetur,</span> <span class='ocrx_word' id='word_1_57' title='bbox 689 1028 761 1074; x_wconf 84' lang='lat' dir='ltr'>raro</span> <span class='ocrx_word' id='word_1_58' title='bbox 783 1011 965 1087; x_wconf 88' lang='lat' dir='ltr'>incalescit;</span> <span class='ocrx_word' id='word_1_59' title='bbox 994 1001 1089 1094; x_wconf 81' lang='lat' dir='ltr'>peuci</span> <span class='ocrx_word' id='word_1_60' title='bbox 1112 1029 1225 1075; x_wconf 90' lang='lat' dir='ltr'>sensus</span> <span class='ocrx_word' id='word_1_61' title='bbox 1255 1015 1329 1093; x_wconf 88' lang='lat' dir='ltr'>apte</span> <span class='ocrx_word' id='word_1_62' title='bbox 1359 1013 1393 1075; x_wconf 90' lang='lat' dir='ltr'>et</span> 
     </span>
     <span class='ocr_line' id='line_1_8' title="bbox 165 1116 1392 1200; baseline 0.002 -20"><span class='ocrx_word' id='word_1_63' title='bbox 165 1135 241 1181; x_wconf 91' lang='lat' dir='ltr'>curn</span> <span class='ocrx_word' id='word_1_64' title='bbox 263 1116 401 1198; x_wconf 84' lang='lat' dir='ltr'>quodam</span> <span class='ocrx_word' id='word_1_65' title='bbox 423 1117 544 1181; x_wconf 90' lang='lat' dir='ltr'>lumine</span> <span class='ocrx_word' id='word_1_66' title='bbox 572 1117 797 1181; x_wconf 85' lang='lat' dir='ltr'>terminentur.</span> <span class='ocrx_word' id='word_1_67' title='bbox 842 1117 931 1181; x_wconf 90' lang='lat' dir='ltr'>Nihil</span> <span class='ocrx_word' id='word_1_68' title='bbox 954 1136 1136 1200; x_wconf 79' lang='lat' dir='ltr'>excerpere,</span> <span class='ocrx_word' id='word_1_69' title='bbox 1166 1117 1247 1180; x_wconf 90' lang='lat' dir='ltr'>nihil</span> <span class='ocrx_word' id='word_1_70' title='bbox 1275 1116 1392 1182; x_wconf 85' lang='lat' dir='ltr'>referre</span> 
     </span>
     <span class='ocr_line' id='line_1_9' title="bbox 165 1222 1392 1307; baseline 0 -21"><span class='ocrx_word' id='word_1_71' title='bbox 165 1224 275 1306; x_wconf 92' lang='lat' dir='ltr'>possis,</span> <span class='ocrx_word' id='word_1_72' title='bbox 298 1225 332 1287; x_wconf 88' lang='lat' dir='ltr'>et</span> <span class='ocrx_word' id='word_1_73' title='bbox 353 1223 498 1288; x_wconf 84' lang='lat' dir='ltr'>velutin</span> <span class='ocrx_word' id='word_1_74' title='bbox 521 1222 594 1288; x_wconf 91' lang='lat' dir='ltr'>rudi</span> <span class='ocrx_word' id='word_1_75' title='bbox 617 1223 766 1300; x_wconf 86' lang='lat' dir='ltr'>aedificio,</span> <span class='ocrx_word' id='word_1_76' title='bbox 788 1224 901 1289; x_wconf 91' lang='lat' dir='ltr'>firmus</span> <span class='ocrx_word' id='word_1_77' title='bbox 925 1243 1002 1288; x_wconf 84' lang='lat' dir='ltr'>sane</span> <span class='ocrx_word' id='word_1_78' title='bbox 1025 1225 1129 1307; x_wconf 84' lang='lat' dir='ltr'>paries</span> <span class='ocrx_word' id='word_1_79' title='bbox 1153 1226 1186 1287; x_wconf 88' lang='lat' dir='ltr'>et</span> <span class='ocrx_word' id='word_1_80' title='bbox 1209 1223 1392 1299; x_wconf 80' lang='lat' dir='ltr'>duraturus,</span> 
     </span>
     <span class='ocr_line' id='line_1_10' title="bbox 165 1328 1434 1414; baseline -0.006 -21"><span class='ocrx_word' id='word_1_81' title='bbox 165 1328 306 1394; x_wconf 88' lang='lat' dir='ltr'>sednon</span> <span class='ocrx_word' id='word_1_82' title='bbox 330 1331 409 1394; x_wconf 84' lang='lat' dir='ltr'>satis</span> <span class='ocrx_word' id='word_1_83' title='bbox 433 1331 589 1413; x_wconf 83' lang='lat' dir='ltr'>expolitus</span> <span class='ocrx_word' id='word_1_84' title='bbox 613 1333 646 1394; x_wconf 91' lang='lat' dir='ltr'>et</span> <span class='ocrx_word' id='word_1_85' title='bbox 669 1329 848 1414; x_wconf 89' lang='lat' dir='ltr'>splendens.</span> <span class='ocrx_word' id='word_1_86' title='bbox 893 1331 961 1412; x_wconf 81' lang='lat' dir='ltr'>Ego</span> <span class='ocrx_word' id='word_1_87' title='bbox 984 1334 1093 1395; x_wconf 90' lang='lat' dir='ltr'>autern</span> <span class='ocrx_word' id='word_1_88' title='bbox 1117 1333 1285 1406; x_wconf 88' lang='lat' dir='ltr'>oratorem,</span> <span class='ocrx_word' id='word_1_89' title='bbox 1309 1330 1392 1394; x_wconf 92' lang='lat' dir='ltr'>sicut</span> <span class='ocrx_word' id='word_1_90' title='bbox 1407 1348 1434 1387; x_wconf 74' lang='lat' dir='ltr'>rs</span> 
     </span>
     <span class='ocr_line' id='line_1_11' title="bbox 163 1435 1392 1519; baseline 0.001 -20"><span class='ocrx_word' id='word_1_91' title='bbox 163 1435 355 1519; x_wconf 75' lang='lat' dir='ltr'>locupletem</span> <span class='ocrx_word' id='word_1_92' title='bbox 379 1456 416 1502; x_wconf 89' lang='lat' dir='ltr'>ac</span> <span class='ocrx_word' id='word_1_93' title='bbox 437 1437 565 1501; x_wconf 80' lang='lat' dir='ltr'>lautum</span> <span class='ocrx_word' id='word_1_94' title='bbox 586 1438 712 1519; x_wconf 88' lang='lat' dir='ltr'>patrem</span> <span class='ocrx_word' id='word_1_95' title='bbox 735 1436 890 1513; x_wconf 83' lang='lat' dir='ltr'>familiae,</span> <span class='ocrx_word' id='word_1_96' title='bbox 912 1456 977 1501; x_wconf 92' lang='lat' dir='ltr'>non</span> <span class='ocrx_word' id='word_1_97' title='bbox 1001 1455 1037 1501; x_wconf 86' lang='lat' dir='ltr'>eo</span> <span class='ocrx_word' id='word_1_98' title='bbox 1060 1439 1190 1500; x_wconf 86' lang='lat' dir='ltr'>tantum</span> <span class='ocrx_word' id='word_1_99' title='bbox 1213 1436 1283 1501; x_wconf 83' lang='lat' dir='ltr'>volo</span> <span class='ocrx_word' id='word_1_100' title='bbox 1307 1437 1392 1500; x_wconf 89' lang='lat' dir='ltr'>tecto</span> 
     </span>
    </p>
   </div>
   <div class='ocr_carea' id='block_1_3' title="bbox 162 1663 1392 2446">
    <p class='ocr_par' dir='ltr' id='par_1_3' title="bbox 162 1663 1392 2446">
     <span class='ocr_line' id='line_1_12' title="bbox 164 1663 1392 1735; baseline -0.002 -15"><span class='ocrx_word' id='word_1_101' title='bbox 164 1682 313 1721; x_wconf 89' lang='lat' dir='ltr'>communes</span> <span class='ocrx_word' id='word_1_102' title='bbox 331 1667 493 1720; x_wconf 78' lang='lat' dir='ltr'>aretaribus</span> <span class='ocrx_word' id='word_1_103' title='bbox 511 1666 638 1720; x_wconf 88' lang='lat' dir='ltr'>nominati</span> <span class='ocrx_word' id='word_1_104' title='bbox 657 1667 750 1720; x_wconf 87' lang='lat' dir='ltr'>sunt“.</span> <span class='ocrx_word' id='word_1_105' title='bbox 805 1665 874 1720; x_wconf 90' lang='lat' dir='ltr'>enim</span> <span class='ocrx_word' id='word_1_106' title='bbox 897 1665 987 1719; x_wconf 90' lang='lat' dir='ltr'>ordine</span> <span class='ocrx_word' id='word_1_107' title='bbox 1009 1665 1100 1719; x_wconf 90' lang='lat' dir='ltr'>audito</span> <span class='ocrx_word' id='word_1_108' title='bbox 1122 1665 1233 1719; x_wconf 85' lang='lat' dir='ltr'>festinat</span> <span class='ocrx_word' id='word_1_109' title='bbox 1250 1663 1284 1718; x_wconf 84' lang='lat' dir='ltr'>ad</span> <span class='ocrx_word' id='word_1_110' title='bbox 1301 1664 1392 1735; x_wconf 85' lang='lat' dir='ltr'>proha·</span> 
     </span>
     <span class='ocr_line' id='line_1_13' title="bbox 164 1753 1391 1826; baseline -0.001 -17"><span class='ocrx_word' id='word_1_111' title='bbox 164 1753 256 1821; x_wconf 81' lang='lat' dir='ltr'>Quint</span> <span class='ocrx_word' id='word_1_112' title='bbox 270 1756 318 1822; x_wconf 88' lang='lat' dir='ltr'>XI,</span> <span class='ocrx_word' id='word_1_113' title='bbox 339 1757 362 1822; x_wconf 95' lang='lat' dir='ltr'>l,</span> <span class='ocrx_word' id='word_1_114' title='bbox 381 1755 430 1810; x_wconf 80' lang='lat'>34:</span> <span class='ocrx_word' id='word_1_115' title='bbox 449 1755 518 1822; x_wconf 91' lang='lat' dir='ltr'>„illa</span> <span class='ocrx_word' id='word_1_116' title='bbox 536 1755 646 1820; x_wconf 82' lang='lat' dir='ltr'>laetiora</span> <span class='ocrx_word' id='word_1_117' title='bbox 664 1755 752 1826; x_wconf 86' lang='lat' dir='ltr'>qualia</span> <span class='ocrx_word' id='word_1_118' title='bbox 805 1755 927 1810; x_wconf 85' lang='lat' dir='ltr'>tionem“</span> <span class='ocrx_word' id='word_1_119' title='bbox 953 1758 1003 1809; x_wconf 90' lang='lat' dir='ltr'>etc.</span> <span class='ocrx_word' id='word_1_120' title='bbox 1039 1754 1228 1822; x_wconf 80' lang='lat' dir='ltr'>vg1.39,10.</span> <span class='ocrx_word' id='word_1_121' title='bbox 1255 1781 1289 1792; x_wconf 90' lang='grc'><strong>-</strong></span> <span class='ocrx_word' id='word_1_122' title='bbox 1312 1753 1391 1808; x_wconf 77' lang='lat' dir='ltr'>inca·</span> 
     </span>
     <span class='ocr_line' id='line_1_14' title="bbox 165 1841 1391 1914; baseline -0.002 -16"><span class='ocrx_word' id='word_1_123' title='bbox 165 1843 320 1900; x_wconf 90' lang='lat' dir='ltr'>aOioercue</span> <span class='ocrx_word' id='word_1_124' title='bbox 341 1844 502 1910; x_wconf 87' lang='lat' dir='ltr'>dicuntur“;</span> <span class='ocrx_word' id='word_1_125' title='bbox 529 1845 625 1911; x_wconf 76' lang='lat'>1,49:</span> <span class='ocrx_word' id='word_1_126' title='bbox 650 1860 751 1914; x_wconf 90' lang='lat' dir='ltr'>„quam</span> <span class='ocrx_word' id='word_1_127' title='bbox 806 1843 912 1914; x_wconf 81' lang='lat' dir='ltr'>lescere]</span> <span class='ocrx_word' id='word_1_128' title='bbox 936 1844 964 1898; x_wconf 90' lang='lat' dir='ltr'>iu</span> <span class='ocrx_word' id='word_1_129' title='bbox 986 1843 1069 1898; x_wconf 81' lang='lat' dir='ltr'>Fouer</span> <span class='ocrx_word' id='word_1_130' title='bbox 1090 1845 1206 1911; x_wconf 78' lang='lat' dir='ltr'>gersten.</span> <span class='ocrx_word' id='word_1_131' title='bbox 1243 1841 1296 1898; x_wconf 80' lang='lat' dir='ltr'>(hc.</span> <span class='ocrx_word' id='word_1_132' title='bbox 1315 1842 1391 1897; x_wconf 82' lang='lat' dir='ltr'>Brut</span> 
     </span>
     <span class='ocr_line' id='line_1_15' title="bbox 164 1930 1391 2003; baseline 0 -17"><span class='ocrx_word' id='word_1_133' title='bbox 164 1933 316 1988; x_wconf 83' lang='lat' dir='ltr'>laetissimis</span> <span class='ocrx_word' id='word_1_134' title='bbox 347 1933 412 1987; x_wconf 91' lang='lat' dir='ltr'>locis</span> <span class='ocrx_word' id='word_1_135' title='bbox 444 1933 635 2003; x_wconf 83' lang='lat' dir='ltr'>sententiisque</span> <span class='ocrx_word' id='word_1_136' title='bbox 667 1931 751 1986; x_wconf 90' lang='lat' dir='ltr'>dicen·</span> <span class='ocrx_word' id='word_1_137' title='bbox 805 1934 871 1988; x_wconf 80' lang='lat'>234:</span> <span class='ocrx_word' id='word_1_138' title='bbox 890 1933 1015 1999; x_wconf 62' lang='lat' dir='ltr'>„edebat</span> <span class='ocrx_word' id='word_1_139' title='bbox 1032 1933 1061 1986; x_wconf 93' lang='lat' dir='ltr'>in</span> <span class='ocrx_word' id='word_1_140' title='bbox 1075 1931 1204 2000; x_wconf 85' lang='lat' dir='ltr'>agendo“.</span> <span class='ocrx_word' id='word_1_141' title='bbox 1224 1959 1257 1970; x_wconf 91' lang='lat'><em>-</em></span> <span class='ocrx_word' id='word_1_142' title='bbox 1277 1930 1316 1984; x_wconf 88' lang='lat' dir='ltr'>Zu</span> <span class='ocrx_word' id='word_1_143' title='bbox 1332 1947 1391 1986; x_wconf 78' lang='lat' dir='ltr'>sen·</span> 
     </span>
     <span class='ocr_line' id='line_1_16' title="bbox 164 2019 1391 2090; baseline -0.002 -16"><span class='ocrx_word' id='word_1_144' title='bbox 164 2021 256 2075; x_wconf 86' lang='lat' dir='ltr'>tem!“</span> <span class='ocrx_word' id='word_1_145' title='bbox 282 2051 315 2061; x_wconf 90' lang='lat'><em>-</em></span> <span class='ocrx_word' id='word_1_146' title='bbox 339 2021 485 2090; x_wconf 71' lang='lat' dir='ltr'>sortientia]</span> <span class='ocrx_word' id='word_1_147' title='bbox 510 2022 558 2075; x_wconf 84' lang='lat' dir='ltr'>wie</span> <span class='ocrx_word' id='word_1_148' title='bbox 582 2022 630 2087; x_wconf 88' lang='lat'>20,</span> <span class='ocrx_word' id='word_1_149' title='bbox 656 2022 697 2076; x_wconf 90' lang='grc'>16.</span> <span class='ocrx_word' id='word_1_150' title='bbox 715 2048 751 2060; x_wconf 88' lang='lat'>—-</span> <span class='ocrx_word' id='word_1_151' title='bbox 804 2037 852 2077; x_wconf 76' lang='lat' dir='ltr'>sess</span> <span class='ocrx_word' id='word_1_152' title='bbox 870 2038 891 2076; x_wconf 92' lang='lat' dir='ltr'>s.</span> <span class='ocrx_word' id='word_1_153' title='bbox 911 2023 954 2088; x_wconf 88' lang='lat'>20,</span> <span class='ocrx_word' id='word_1_154' title='bbox 974 2021 1016 2076; x_wconf 76' lang='lat'>15.</span> <span class='ocrx_word' id='word_1_155' title='bbox 1040 2047 1073 2057; x_wconf 90' lang='lat'>—</span> <span class='ocrx_word' id='word_1_156' title='bbox 1098 2019 1176 2089; x_wconf 76' lang='lat' dir='ltr'>opto]</span> <span class='ocrx_word' id='word_1_157' title='bbox 1201 2019 1269 2073; x_wconf 86' lang='lat' dir='ltr'>wohl</span> <span class='ocrx_word' id='word_1_158' title='bbox 1292 2019 1391 2087; x_wconf 79' lang='lat' dir='ltr'>gehtgt,</span> 
     </span>
     <span class='ocr_line' id='line_1_17' title="bbox 162 2106 1390 2178; baseline -0.002 -14"><span class='ocrx_word' id='word_1_159' title='bbox 162 2109 266 2177; x_wconf 80' lang='lat' dir='ltr'>senior]</span> <span class='ocrx_word' id='word_1_160' title='bbox 286 2109 335 2177; x_wconf 91' lang='lat' dir='ltr'>„in</span> <span class='ocrx_word' id='word_1_161' title='bbox 348 2111 544 2178; x_wconf 80' lang='lat' dir='ltr'>vorgerhchtem</span> <span class='ocrx_word' id='word_1_162' title='bbox 558 2109 664 2164; x_wconf 83' lang='lat' dir='ltr'>Alter“.</span> <span class='ocrx_word' id='word_1_163' title='bbox 693 2109 751 2164; x_wconf 90' lang='lat' dir='ltr'>Von</span> <span class='ocrx_word' id='word_1_164' title='bbox 804 2109 978 2177; x_wconf 87' lang='lat' dir='ltr'>harmonisch,</span> <span class='ocrx_word' id='word_1_165' title='bbox 997 2107 1242 2176; x_wconf 82' lang='lat' dir='ltr'>„wohllrlingend“.</span> <span class='ocrx_word' id='word_1_166' title='bbox 1279 2106 1390 2164; x_wconf 77' lang='lat' dir='ltr'>cicer.</span> 
     </span>
     <span class='ocr_line' id='line_1_18' title="bbox 163 2197 1392 2269; baseline -0.002 -17"><span class='ocrx_word' id='word_1_167' title='bbox 163 2198 252 2252; x_wconf 87' lang='lat' dir='ltr'>diesen</span> <span class='ocrx_word' id='word_1_168' title='bbox 269 2198 359 2254; x_wconf 87' lang='lat' dir='ltr'>Reden</span> <span class='ocrx_word' id='word_1_169' title='bbox 377 2199 469 2252; x_wconf 85' lang='lat' dir='ltr'>riihmt</span> <span class='ocrx_word' id='word_1_170' title='bbox 482 2197 638 2265; x_wconf 82' lang='lat' dir='ltr'>Quintilian,</span> <span class='ocrx_word' id='word_1_171' title='bbox 657 2198 751 2253; x_wconf 87' lang='lat' dir='ltr'>desssn</span> <span class='ocrx_word' id='word_1_172' title='bbox 805 2199 871 2254; x_wconf 81' lang='lat'>149:</span> <span class='ocrx_word' id='word_1_173' title='bbox 899 2202 955 2267; x_wconf 87' lang='lat' dir='ltr'>„ut</span> <span class='ocrx_word' id='word_1_174' title='bbox 981 2197 1175 2269; x_wconf 86' lang='lat' dir='ltr'>comprehensio</span> <span class='ocrx_word' id='word_1_175' title='bbox 1201 2213 1337 2251; x_wconf 89' lang='lat' dir='ltr'>numerose</span> <span class='ocrx_word' id='word_1_176' title='bbox 1364 2199 1392 2250; x_wconf 90' lang='lat' dir='ltr'>et</span> 
     </span>
     <span class='ocr_line' id='line_1_19' title="bbox 162 2284 1391 2359; baseline -0.002 -18"><span class='ocrx_word' id='word_1_177' title='bbox 162 2285 250 2341; x_wconf 81' lang='lat' dir='ltr'>Urteil</span> <span class='ocrx_word' id='word_1_178' title='bbox 281 2287 323 2342; x_wconf 87' lang='lat' dir='ltr'>die</span> <span class='ocrx_word' id='word_1_179' title='bbox 354 2287 493 2342; x_wconf 84' lang='lat' dir='ltr'>Nachwclt</span> <span class='ocrx_word' id='word_1_180' title='bbox 527 2287 658 2356; x_wconf 70' lang='lat' dir='ltr'>bestitigt</span> <span class='ocrx_word' id='word_1_181' title='bbox 693 2287 750 2353; x_wconf 87' lang='lat' dir='ltr'>hat,</span> <span class='ocrx_word' id='word_1_182' title='bbox 804 2292 866 2359; x_wconf 87' lang='lat' dir='ltr'>apte</span> <span class='ocrx_word' id='word_1_183' title='bbox 879 2287 992 2354; x_wconf 79' lang='lat' dir='ltr'>caslat“;</span> <span class='ocrx_word' id='word_1_184' title='bbox 1011 2288 1079 2341; x_wconf 86' lang='lat'>219:</span> <span class='ocrx_word' id='word_1_185' title='bbox 1098 2287 1143 2354; x_wconf 90' lang='lat' dir='ltr'>„si</span> <span class='ocrx_word' id='word_1_186' title='bbox 1157 2302 1223 2356; x_wconf 88' lang='lat' dir='ltr'>quae</span> <span class='ocrx_word' id='word_1_187' title='bbox 1237 2289 1338 2339; x_wconf 82' lang='lat' dir='ltr'>veteres</span> <span class='ocrx_word' id='word_1_188' title='bbox 1351 2284 1391 2338; x_wconf 94' lang='lat' dir='ltr'>illi</span> 
     </span>
     <span class='ocr_line' id='line_1_20' title="bbox 162 2375 1391 2446; baseline -0.004 -14"><span class='ocrx_word' id='word_1_189' title='bbox 162 2375 324 2432; x_wconf 87' lang='lat' dir='ltr'>namcntlich</span> <span class='ocrx_word' id='word_1_190' title='bbox 342 2376 384 2430; x_wconf 88' lang='lat' dir='ltr'>dic</span> <span class='ocrx_word' id='word_1_191' title='bbox 401 2377 438 2430; x_wconf 88' lang='lat' dir='ltr'>im</span> <span class='ocrx_word' id='word_1_192' title='bbox 455 2376 480 2431; x_wconf 90' lang='lat' dir='ltr'>J.</span> <span class='ocrx_word' id='word_1_193' title='bbox 493 2375 528 2432; x_wconf 87' lang='grc'>46</span> <span class='ocrx_word' id='word_1_194' title='bbox 546 2376 685 2445; x_wconf 83' lang='lat' dir='ltr'>gehaltene</span> <span class='ocrx_word' id='word_1_195' title='bbox 702 2392 750 2446; x_wconf 90' lang='lat' dir='ltr'>pro</span> <span class='ocrx_word' id='word_1_196' title='bbox 856 2379 918 2446; x_wconf 85' lang='lat' dir='ltr'>apte</span> <span class='ocrx_word' id='word_1_197' title='bbox 936 2391 1123 2445; x_wconf 87' lang='lat' dir='ltr'>numeroseque</span> <span class='ocrx_word' id='word_1_198' title='bbox 1141 2375 1272 2440; x_wconf 83' lang='lat' dir='ltr'>dixerunt,</span> <span class='ocrx_word' id='word_1_199' title='bbox 1290 2390 1321 2427; x_wconf 87' lang='lat' dir='ltr'>ea</span> <span class='ocrx_word' id='word_1_200' title='bbox 1338 2389 1391 2428; x_wconf 91' lang='lat' dir='ltr'>non</span> 
     </span>
    </p>
   </div>
   <div class='ocr_carea' id='block_1_4' title="bbox 43 2461 1392 2536">
    <p class='ocr_par' dir='ltr' id='par_1_4' title="bbox 43 2461 1392 2536">
     <span class='ocr_line' id='line_1_21' title="bbox 43 2461 1392 2536; baseline -0.003 -17"><span class='ocrx_word' id='word_1_201' title='bbox 43 2485 45 2492; x_wconf 59' lang='lat'><strong><em>⁴</em></strong></span> <span class='ocrx_word' id='word_1_202' title='bbox 163 2463 194 2530; x_wconf 89' lang='lat' dir='ltr'>Q.</span> <span class='ocrx_word' id='word_1_203' title='bbox 213 2464 330 2533; x_wconf 76' lang='lat' dir='ltr'>Ligari03</span> <span class='ocrx_word' id='word_1_204' title='bbox 356 2465 398 2519; x_wconf 89' lang='lat' dir='ltr'>die</span> <span class='ocrx_word' id='word_1_205' title='bbox 415 2482 463 2536; x_wconf 91' lang='lat' dir='ltr'>pro</span> <span class='ocrx_word' id='word_1_206' title='bbox 480 2465 590 2530; x_wconf 87' lang='lat' dir='ltr'>Milone,</span> <span class='ocrx_word' id='word_1_207' title='bbox 616 2465 651 2519; x_wconf 89' lang='lat' dir='ltr'>im</span> <span class='ocrx_word' id='word_1_208' title='bbox 670 2465 695 2519; x_wconf 90' lang='lat' dir='ltr'>J.</span> <span class='ocrx_word' id='word_1_209' title='bbox 715 2465 749 2520; x_wconf 83' lang='lat'>52</span> <span class='ocrx_word' id='word_1_210' title='bbox 802 2482 911 2520; x_wconf 85' lang='lat' dir='ltr'>numero</span> <span class='ocrx_word' id='word_1_211' title='bbox 929 2465 1062 2535; x_wconf 85' lang='lat' dir='ltr'>quaesito,</span> <span class='ocrx_word' id='word_1_212' title='bbox 1086 2463 1133 2517; x_wconf 88' lang='lat' dir='ltr'>sed</span> <span class='ocrx_word' id='word_1_213' title='bbox 1156 2463 1291 2517; x_wconf 81' lang='lat' dir='ltr'>verborum</span> <span class='ocrx_word' id='word_1_214' title='bbox 1315 2461 1392 2516; x_wconf 91' lang='lat' dir='ltr'>collo-</span> 
     </span>
    </p>
   </div>
   <div class='ocr_carea' id='block_1_5' title="bbox 159 2549 1391 4397">
    <p class='ocr_par' dir='ltr' id='par_1_5' title="bbox 159 2549 1391 4397">
     <span class='ocr_line' id='line_1_22' title="bbox 161 2549 1390 2624; baseline -0.002 -17"><span class='ocrx_word' id='word_1_215' title='bbox 161 2553 300 2624; x_wconf 78' lang='lat' dir='ltr'>gehalten,</span> <span class='ocrx_word' id='word_1_216' title='bbox 326 2557 409 2609; x_wconf 84' lang='lat' dir='ltr'>neunt</span> <span class='ocrx_word' id='word_1_217' title='bbox 426 2552 554 2608; x_wconf 82' lang='lat' dir='ltr'>Asconius</span> <span class='ocrx_word' id='word_1_218' title='bbox 571 2553 703 2608; x_wconf 89' lang='lat' dir='ltr'>Pedianus</span> <span class='ocrx_word' id='word_1_219' title='bbox 720 2571 750 2607; x_wconf 92' lang='lat' dir='ltr'>so</span> <span class='ocrx_word' id='word_1_220' title='bbox 803 2554 905 2608; x_wconf 88' lang='lat' dir='ltr'>catione</span> <span class='ocrx_word' id='word_1_221' title='bbox 923 2552 1109 2618; x_wconf 83' lang='lat' dir='ltr'>occidemut“;</span> <span class='ocrx_word' id='word_1_222' title='bbox 1130 2569 1154 2605; x_wconf 88' lang='lat' dir='ltr'>u.</span> <span class='ocrx_word' id='word_1_223' title='bbox 1168 2556 1192 2605; x_wconf 89' lang='grc' dir='ltr'>ὃ.</span> <span class='ocrx_word' id='word_1_224' title='bbox 1216 2580 1250 2590; x_wconf 90' lang='grc'><strong>-</strong></span> <span class='ocrx_word' id='word_1_225' title='bbox 1275 2549 1390 2618; x_wconf 69' lang='lat' dir='ltr'>tomice]</span> 
     </span>
     <span class='ocr_line' id='line_1_23' title="bbox 162 2638 1391 2712; baseline -0.003 -16"><span class='ocrx_word' id='word_1_226' title='bbox 162 2643 306 2710; x_wconf 82' lang='lat' dir='ltr'>sollendet,</span> <span class='ocrx_word' id='word_1_227' title='bbox 330 2649 363 2698; x_wconf 76' lang='lat' dir='ltr'>set</span> <span class='ocrx_word' id='word_1_228' title='bbox 385 2643 447 2697; x_wconf 70' lang='lat' dir='ltr'>turc</span> <span class='ocrx_word' id='word_1_229' title='bbox 462 2643 556 2711; x_wconf 72' lang='lat' dir='ltr'>prtum</span> <span class='ocrx_word' id='word_1_230' title='bbox 574 2643 671 2697; x_wconf 79' lang='lat' dir='ltr'>haberi</span> <span class='ocrx_word' id='word_1_231' title='bbox 685 2659 748 2712; x_wconf 84' lang='lat' dir='ltr'>pos·</span> <span class='ocrx_word' id='word_1_232' title='bbox 804 2641 1058 2709; x_wconf 78' lang='lat' dir='ltr'>„Geistesiunlsen“,</span> <span class='ocrx_word' id='word_1_233' title='bbox 1083 2640 1200 2707; x_wconf 75' lang='lat' dir='ltr'>figuren-</span> <span class='ocrx_word' id='word_1_234' title='bbox 1224 2639 1279 2693; x_wconf 92' lang='lat' dir='ltr'>und</span> <span class='ocrx_word' id='word_1_235' title='bbox 1297 2638 1391 2692; x_wconf 81' lang='lat' dir='ltr'>hilder·</span> 
     </span>
     <span class='ocr_line' id='line_1_24' title="bbox 161 2725 1389 2802; baseline -0.005 -14"><span class='ocrx_word' id='word_1_236' title='bbox 161 2733 208 2790; x_wconf 75' lang='lat' dir='ltr'>sit.</span> <span class='ocrx_word' id='word_1_237' title='bbox 240 2732 315 2786; x_wconf 84' lang='lat' dir='ltr'>Auch</span> <span class='ocrx_word' id='word_1_238' title='bbox 334 2732 376 2786; x_wconf 88' lang='lat' dir='ltr'>dic</span> <span class='ocrx_word' id='word_1_239' title='bbox 393 2731 554 2802; x_wconf 86' lang='lat' dir='ltr'>Philippicae</span> <span class='ocrx_word' id='word_1_240' title='bbox 572 2731 664 2786; x_wconf 86' lang='lat' dir='ltr'>dhrlen</span> <span class='ocrx_word' id='word_1_241' title='bbox 682 2731 749 2786; x_wconf 90' lang='lat' dir='ltr'>hier-</span> <span class='ocrx_word' id='word_1_242' title='bbox 803 2730 889 2785; x_wconf 87' lang='lat' dir='ltr'>reiche</span> <span class='ocrx_word' id='word_1_243' title='bbox 906 2730 1055 2799; x_wconf 83' lang='lat' dir='ltr'>Wendung,</span> <span class='ocrx_word' id='word_1_244' title='bbox 1074 2727 1242 2784; x_wconf 83' lang='lat' dir='ltr'>Glanestelle.</span> <span class='ocrx_word' id='word_1_245' title='bbox 1277 2727 1329 2783; x_wconf 88' lang='lat' dir='ltr'>Cic.</span> <span class='ocrx_word' id='word_1_246' title='bbox 1344 2725 1389 2782; x_wconf 90' lang='lat' dir='ltr'>Or.</span> 
     </span>
     <span class='ocr_line' id='line_1_25' title="bbox 162 2815 1389 2890; baseline -0.004 -16"><span class='ocrx_word' id='word_1_247' title='bbox 162 2821 211 2874; x_wconf 90' lang='lat' dir='ltr'>her</span> <span class='ocrx_word' id='word_1_248' title='bbox 223 2821 365 2890; x_wconf 84' lang='lat' dir='ltr'>gereohnet</span> <span class='ocrx_word' id='word_1_249' title='bbox 378 2820 488 2875; x_wconf 88' lang='lat' dir='ltr'>werden.</span> <span class='ocrx_word' id='word_1_250' title='bbox 509 2850 541 2858; x_wconf 97' lang='lat'>-</span> <span class='ocrx_word' id='word_1_251' title='bbox 560 2821 644 2875; x_wconf 66' lang='lat' dir='ltr'>temer</span> <span class='ocrx_word' id='word_1_252' title='bbox 656 2820 747 2888; x_wconf 72' lang='lat' dir='ltr'>liaeus]</span> <span class='ocrx_word' id='word_1_253' title='bbox 804 2819 870 2874; x_wconf 80' lang='lat'>134:</span> <span class='ocrx_word' id='word_1_254' title='bbox 896 2819 1019 2886; x_wconf 80' lang='lat' dir='ltr'>„lumina</span> <span class='ocrx_word' id='word_1_255' title='bbox 1036 2821 1100 2873; x_wconf 90' lang='lat' dir='ltr'>sunt</span> <span class='ocrx_word' id='word_1_256' title='bbox 1117 2818 1187 2872; x_wconf 85' lang='lat' dir='ltr'>enlm</span> <span class='ocrx_word' id='word_1_257' title='bbox 1209 2816 1306 2871; x_wconf 86' lang='lat' dir='ltr'>similia</span> <span class='ocrx_word' id='word_1_258' title='bbox 1327 2815 1389 2882; x_wconf 92' lang='lat' dir='ltr'>illis,</span> 
     </span>
     <span class='ocr_line' id='line_1_26' title="bbox 161 2904 1390 2980; baseline -0.005 -16"><span class='ocrx_word' id='word_1_259' title='bbox 161 2909 246 2964; x_wconf 84' lang='lat' dir='ltr'>findet</span> <span class='ocrx_word' id='word_1_260' title='bbox 273 2909 329 2964; x_wconf 89' lang='lat' dir='ltr'>sich</span> <span class='ocrx_word' id='word_1_261' title='bbox 353 2912 429 2964; x_wconf 91' lang='lat' dir='ltr'>sonst</span> <span class='ocrx_word' id='word_1_262' title='bbox 452 2908 576 2978; x_wconf 83' lang='lat' dir='ltr'>nirgends</span> <span class='ocrx_word' id='word_1_263' title='bbox 604 2911 675 2963; x_wconf 86' lang='lat' dir='ltr'>statt</span> <span class='ocrx_word' id='word_1_264' title='bbox 697 2909 747 2964; x_wconf 81' lang='lat' dir='ltr'>sub</span> <span class='ocrx_word' id='word_1_265' title='bbox 803 2925 869 2980; x_wconf 86' lang='lat' dir='ltr'>quae</span> <span class='ocrx_word' id='word_1_266' title='bbox 888 2909 915 2962; x_wconf 94' lang='lat' dir='ltr'>in</span> <span class='ocrx_word' id='word_1_267' title='bbox 933 2908 1020 2979; x_wconf 88' lang='lat' dir='ltr'>amplo</span> <span class='ocrx_word' id='word_1_268' title='bbox 1038 2910 1134 2960; x_wconf 80' lang='lat' dir='ltr'>ornatu</span> <span class='ocrx_word' id='word_1_269' title='bbox 1149 2921 1256 2960; x_wconf 71' lang='lat' dir='ltr'>scaenm</span> <span class='ocrx_word' id='word_1_270' title='bbox 1275 2907 1323 2958; x_wconf 88' lang='lat' dir='ltr'>aut</span> <span class='ocrx_word' id='word_1_271' title='bbox 1340 2904 1390 2958; x_wconf 82' lang='lat' dir='ltr'>fori</span> 
     </span>
     <span class='ocr_line' id='line_1_27' title="bbox 161 2992 1390 3069; baseline -0.006 -16"><span class='ocrx_word' id='word_1_272' title='bbox 161 2999 250 3066; x_wconf 75' lang='lat' dir='ltr'>fimm.</span> <span class='ocrx_word' id='word_1_273' title='bbox 802 2997 970 3069; x_wconf 87' lang='lat' dir='ltr'>appellantur</span> <span class='ocrx_word' id='word_1_274' title='bbox 1000 2996 1128 3064; x_wconf 85' lang='lat' dir='ltr'>insignia,</span> <span class='ocrx_word' id='word_1_275' title='bbox 1157 3011 1210 3049; x_wconf 91' lang='lat' dir='ltr'>non</span> <span class='ocrx_word' id='word_1_276' title='bbox 1237 2992 1307 3064; x_wconf 88' lang='lat' dir='ltr'>qued</span> <span class='ocrx_word' id='word_1_277' title='bbox 1334 2992 1390 3048; x_wconf 83' lang='lat' dir='ltr'>sola</span> 
     </span>
     <span class='ocr_line' id='line_1_28' title="bbox 203 3081 1389 3158; baseline -0.004 -18"><span class='ocrx_word' id='word_1_278' title='bbox 203 3099 242 3142; x_wconf 81' lang='lat' dir='ltr'>so.</span> <span class='ocrx_word' id='word_1_279' title='bbox 260 3087 376 3156; x_wconf 70' lang='lat' dir='ltr'>pateres]</span> <span class='ocrx_word' id='word_1_280' title='bbox 390 3103 437 3158; x_wconf 91' lang='lat' dir='ltr'>pro</span> <span class='ocrx_word' id='word_1_281' title='bbox 450 3086 544 3140; x_wconf 85' lang='lat' dir='ltr'>Roscio</span> <span class='ocrx_word' id='word_1_282' title='bbox 556 3084 687 3153; x_wconf 82' lang='lat' dir='ltr'>Amerino,</span> <span class='ocrx_word' id='word_1_283' title='bbox 701 3102 748 3157; x_wconf 91' lang='lat' dir='ltr'>pro</span> <span class='ocrx_word' id='word_1_284' title='bbox 802 3088 909 3153; x_wconf 84' lang='lat' dir='ltr'>ornent,</span> <span class='ocrx_word' id='word_1_285' title='bbox 940 3085 986 3139; x_wconf 87' lang='lat' dir='ltr'>sed</span> <span class='ocrx_word' id='word_1_286' title='bbox 1013 3084 1082 3155; x_wconf 87' lang='lat' dir='ltr'>quod</span> <span class='ocrx_word' id='word_1_287' title='bbox 1113 3083 1271 3138; x_wconf 85' lang='lat' dir='ltr'>excellant“.</span> <span class='ocrx_word' id='word_1_288' title='bbox 1314 3081 1389 3136; x_wconf 82' lang='lat' dir='ltr'>huch</span> 
     </span>
     <span class='ocr_line' id='line_1_29' title="bbox 161 3170 1388 3247; baseline -0.004 -17"><span class='ocrx_word' id='word_1_289' title='bbox 161 3175 199 3230; x_wconf 83' lang='lat' dir='ltr'>M.</span> <span class='ocrx_word' id='word_1_290' title='bbox 213 3174 307 3243; x_wconf 85' lang='lat' dir='ltr'>Tullio,</span> <span class='ocrx_word' id='word_1_291' title='bbox 321 3192 368 3247; x_wconf 86' lang='lat' dir='ltr'>pro</span> <span class='ocrx_word' id='word_1_292' title='bbox 382 3175 413 3229; x_wconf 86' lang='grc' dir='ltr'>Δ.</span> <span class='ocrx_word' id='word_1_293' title='bbox 425 3174 536 3230; x_wconf 88' lang='lat' dir='ltr'>anoina</span> <span class='ocrx_word' id='word_1_294' title='bbox 547 3176 601 3242; x_wconf 88' lang='lat'>(21,</span> <span class='ocrx_word' id='word_1_295' title='bbox 611 3175 639 3240; x_wconf 79' lang='lat'>4)</span> <span class='ocrx_word' id='word_1_296' title='bbox 653 3178 746 3230; x_wconf 79' lang='lat' dir='ltr'>etc-</span> <span class='ocrx_word' id='word_1_297' title='bbox 802 3175 893 3241; x_wconf 81' lang='lat' dir='ltr'>Quint.</span> <span class='ocrx_word' id='word_1_298' title='bbox 916 3173 994 3240; x_wconf 84' lang='lat' dir='ltr'>VIII,</span> <span class='ocrx_word' id='word_1_299' title='bbox 1017 3174 1048 3240; x_wconf 78' lang='grc' dir='ltr'>ὃ,</span> <span class='ocrx_word' id='word_1_300' title='bbox 1070 3173 1096 3227; x_wconf 91' lang='lat'>2.</span> <span class='ocrx_word' id='word_1_301' title='bbox 1124 3202 1158 3212; x_wconf 92' lang='lat'><em>-</em></span> <span class='ocrx_word' id='word_1_302' title='bbox 1191 3170 1388 3238; x_wconf 68' lang='lat' dir='ltr'>minantur]</span> 
     </span>
     <span class='ocr_line' id='line_1_30' title="bbox 162 3260 1389 3334; baseline -0.006 -14"><span class='ocrx_word' id='word_1_303' title='bbox 162 3265 253 3320; x_wconf 77' lang='lat' dir='ltr'>lentus</span> <span class='ocrx_word' id='word_1_304' title='bbox 355 3262 463 3334; x_wconf 63' lang='lat' dir='ltr'>heum]</span> <span class='ocrx_word' id='word_1_305' title='bbox 492 3264 671 3331; x_wconf 79' lang='lat' dir='ltr'>„unbeholIen</span> <span class='ocrx_word' id='word_1_306' title='bbox 802 3263 854 3319; x_wconf 86' lang='lat' dir='ltr'>Cic.</span> <span class='ocrx_word' id='word_1_307' title='bbox 874 3262 919 3319; x_wconf 89' lang='lat' dir='ltr'>Or.</span> <span class='ocrx_word' id='word_1_308' title='bbox 939 3264 1005 3317; x_wconf 87' lang='lat'><strong>199:</strong></span> <span class='ocrx_word' id='word_1_309' title='bbox 1031 3261 1172 3332; x_wconf 85' lang='lat' dir='ltr'>„Plerique</span> <span class='ocrx_word' id='word_1_310' title='bbox 1189 3260 1258 3314; x_wconf 90' lang='lat' dir='ltr'>enim</span> <span class='ocrx_word' id='word_1_311' title='bbox 1282 3261 1389 3314; x_wconf 73' lang='lat' dir='ltr'>oenoent</span> 
     </span>
     <span class='ocr_line' id='line_1_31' title="bbox 162 3352 1390 3422; baseline -0.004 -15"><span class='ocrx_word' id='word_1_312' title='bbox 162 3353 268 3419; x_wconf 84' lang='lat' dir='ltr'>breIt“;</span> <span class='ocrx_word' id='word_1_313' title='bbox 292 3353 508 3422; x_wconf 80' lang='lat' dir='ltr'>Eigenschaften,</span> <span class='ocrx_word' id='word_1_314' title='bbox 531 3352 627 3407; x_wconf 85' lang='lat' dir='ltr'>welche</span> <span class='ocrx_word' id='word_1_315' title='bbox 645 3352 748 3408; x_wconf 86' lang='lat' dir='ltr'>Ciceros</span> <span class='ocrx_word' id='word_1_316' title='bbox 801 3352 893 3406; x_wconf 85' lang='lat' dir='ltr'>eadere</span> <span class='ocrx_word' id='word_1_317' title='bbox 910 3355 1017 3406; x_wconf 86' lang='lat' dir='ltr'>tantum</span> <span class='ocrx_word' id='word_1_318' title='bbox 1039 3366 1175 3404; x_wconf 89' lang='lat' dir='ltr'>numerose</span> <span class='ocrx_word' id='word_1_319' title='bbox 1193 3353 1313 3420; x_wconf 89' lang='lat' dir='ltr'>oportere</span> <span class='ocrx_word' id='word_1_320' title='bbox 1337 3352 1390 3403; x_wconf 91' lang='lat' dir='ltr'>ter·</span> 
     </span>
     <span class='ocr_line' id='line_1_32' title="bbox 162 3439 1152 3512; baseline -0.004 -16"><span class='ocrx_word' id='word_1_321' title='bbox 162 3439 266 3510; x_wconf 85' lang='lat' dir='ltr'>Gegner</span> <span class='ocrx_word' id='word_1_322' title='bbox 278 3441 445 3496; x_wconf 86' lang='lat' dir='ltr'>seincRoden</span> <span class='ocrx_word' id='word_1_323' title='bbox 459 3441 608 3512; x_wconf 87' lang='lat' dir='ltr'>iibcrhaupt</span> <span class='ocrx_word' id='word_1_324' title='bbox 622 3442 748 3496; x_wconf 83' lang='lat' dir='ltr'>suschrie·</span> <span class='ocrx_word' id='word_1_325' title='bbox 801 3441 946 3510; x_wconf 91' lang='lat' dir='ltr'>minarique</span> <span class='ocrx_word' id='word_1_326' title='bbox 964 3439 1152 3494; x_wconf 86' lang='lat' dir='ltr'>sententiarn“.</span> 
     </span>
     <span class='ocr_line' id='line_1_33' title="bbox 161 3527 1388 3599; baseline -0.002 -14"><span class='ocrx_word' id='word_1_327' title='bbox 161 3532 226 3597; x_wconf 87' lang='lat' dir='ltr'>ben;</span> <span class='ocrx_word' id='word_1_328' title='bbox 244 3531 296 3599; x_wconf 85' lang='lat' dir='ltr'>rgl.</span> <span class='ocrx_word' id='word_1_329' title='bbox 316 3531 422 3597; x_wconf 84' lang='lat'>18,19:</span> <span class='ocrx_word' id='word_1_330' title='bbox 441 3529 570 3597; x_wconf 86' lang='lat' dir='ltr'>„inflatus</span> <span class='ocrx_word' id='word_1_331' title='bbox 588 3532 616 3584; x_wconf 88' lang='lat' dir='ltr'>et</span> <span class='ocrx_word' id='word_1_332' title='bbox 634 3533 746 3598; x_wconf 92' lang='lat' dir='ltr'>tumens,</span> <span class='ocrx_word' id='word_1_333' title='bbox 838 3530 876 3584; x_wconf 89' lang='lat' dir='ltr'>Zu</span> <span class='ocrx_word' id='word_1_334' title='bbox 888 3527 991 3596; x_wconf 63' lang='lat' dir='ltr'>retem</span> <span class='ocrx_word' id='word_1_335' title='bbox 1005 3546 1026 3582; x_wconf 90' lang='lat' dir='ltr'>s.</span> <span class='ocrx_word' id='word_1_336' title='bbox 1040 3529 1084 3595; x_wconf 89' lang='lat'>20,</span> <span class='ocrx_word' id='word_1_337' title='bbox 1100 3528 1145 3583; x_wconf 77' lang='lat'>13:</span> <span class='ocrx_word' id='word_1_338' title='bbox 1166 3527 1234 3594; x_wconf 78' lang='lat' dir='ltr'>„ret</span> <span class='ocrx_word' id='word_1_339' title='bbox 1253 3527 1388 3582; x_wconf 85' lang='lat' dir='ltr'>domum“.</span> 
     </span>
     <span class='ocr_line' id='line_1_34' title="bbox 161 3615 1389 3690; baseline -0.002 -16"><span class='ocrx_word' id='word_1_340' title='bbox 161 3637 209 3674; x_wconf 87' lang='lat' dir='ltr'>nec</span> <span class='ocrx_word' id='word_1_341' title='bbox 222 3619 288 3674; x_wconf 87' lang='lat' dir='ltr'>satis</span> <span class='ocrx_word' id='word_1_342' title='bbox 302 3620 438 3690; x_wconf 89' lang='lat' dir='ltr'>pressus“.</span> <span class='ocrx_word' id='word_1_343' title='bbox 458 3647 491 3658; x_wconf 95' lang='lat'><em>—</em></span> <span class='ocrx_word' id='word_1_344' title='bbox 511 3619 627 3688; x_wconf 77' lang='lat' dir='ltr'>ottusus]</span> <span class='ocrx_word' id='word_1_345' title='bbox 645 3620 693 3672; x_wconf 80' lang='lat' dir='ltr'>wic</span> <span class='ocrx_word' id='word_1_346' title='bbox 705 3620 746 3688; x_wconf 87' lang='grc'>18,</span> <span class='ocrx_word' id='word_1_347' title='bbox 837 3618 916 3673; x_wconf 79' lang='lat' dir='ltr'>velut</span> <span class='ocrx_word' id='word_1_348' title='bbox 931 3618 964 3672; x_wconf 79' lang='lat' dir='ltr'>iss</span> <span class='ocrx_word' id='word_1_349' title='bbox 981 3617 1050 3672; x_wconf 74' lang='lat' dir='ltr'>sudi</span> <span class='ocrx_word' id='word_1_350' title='bbox 1066 3616 1204 3685; x_wconf 73' lang='lat' dir='ltr'>aedificio]</span> <span class='ocrx_word' id='word_1_351' title='bbox 1223 3615 1263 3670; x_wconf 91' lang='lat' dir='ltr'>Im</span> <span class='ocrx_word' id='word_1_352' title='bbox 1282 3617 1389 3671; x_wconf 79' lang='lat' dir='ltr'>rwsIteu</span> 
     </span>
     <span class='ocr_line' id='line_1_35' title="bbox 161 3704 1387 3779; baseline -0.002 -16"><span class='ocrx_word' id='word_1_353' title='bbox 161 3709 210 3764; x_wconf 84' lang='lat'>23:</span> <span class='ocrx_word' id='word_1_354' title='bbox 240 3708 376 3774; x_wconf 89' lang='lat' dir='ltr'>„Brutum</span> <span class='ocrx_word' id='word_1_355' title='bbox 402 3709 514 3763; x_wconf 88' lang='lat' dir='ltr'>otiosum</span> <span class='ocrx_word' id='word_1_356' title='bbox 542 3712 622 3779; x_wconf 86' lang='lat' dir='ltr'>atque</span> <span class='ocrx_word' id='word_1_357' title='bbox 650 3707 737 3762; x_wconf 86' lang='lat' dir='ltr'>diiunc</span> <span class='ocrx_word' id='word_1_358' title='bbox 801 3707 858 3762; x_wconf 87' lang='lat' dir='ltr'>Teil</span> <span class='ocrx_word' id='word_1_359' title='bbox 876 3707 1026 3778; x_wconf 89' lang='lat' dir='ltr'>eutsprioht</span> <span class='ocrx_word' id='word_1_360' title='bbox 1044 3705 1092 3760; x_wconf 88' lang='lat' dir='ltr'>des</span> <span class='ocrx_word' id='word_1_361' title='bbox 1109 3704 1171 3759; x_wconf 84' lang='lat' dir='ltr'>Bud</span> <span class='ocrx_word' id='word_1_362' title='bbox 1190 3705 1248 3759; x_wconf 88' lang='lat' dir='ltr'>dem</span> <span class='ocrx_word' id='word_1_363' title='bbox 1267 3722 1317 3760; x_wconf 87' lang='lat' dir='ltr'>von</span> <span class='ocrx_word' id='word_1_364' title='bbox 1336 3704 1387 3760; x_wconf 83' lang='lat' dir='ltr'>cic.</span> 
     </span>
     <span class='ocr_line' id='line_1_36' title="bbox 161 3794 1389 3865; baseline -0.002 -15"><span class='ocrx_word' id='word_1_365' title='bbox 161 3799 250 3852; x_wconf 86' lang='lat' dir='ltr'>tnm“.</span> <span class='ocrx_word' id='word_1_366' title='bbox 275 3826 309 3836; x_wconf 95' lang='lat'><em>-</em></span> <span class='ocrx_word' id='word_1_367' title='bbox 334 3797 421 3864; x_wconf 67' lang='lat' dir='ltr'>doec]</span> <span class='ocrx_word' id='word_1_368' title='bbox 447 3797 580 3865; x_wconf 81' lang='lat' dir='ltr'>„inhenug</span> <span class='ocrx_word' id='word_1_369' title='bbox 597 3797 654 3863; x_wconf 83' lang='lat' dir='ltr'>suf,</span> <span class='ocrx_word' id='word_1_370' title='bbox 677 3797 747 3851; x_wconf 88' lang='lat' dir='ltr'>inbe-</span> <span class='ocrx_word' id='word_1_371' title='bbox 801 3796 834 3851; x_wconf 83' lang='lat' dir='ltr'>de</span> <span class='ocrx_word' id='word_1_372' title='bbox 847 3813 885 3851; x_wconf 91' lang='lat' dir='ltr'>or.</span> <span class='ocrx_word' id='word_1_373' title='bbox 899 3795 920 3863; x_wconf 90' lang='lat' dir='ltr'>I,</span> <span class='ocrx_word' id='word_1_374' title='bbox 938 3797 987 3850; x_wconf 88' lang='grc'>161</span> <span class='ocrx_word' id='word_1_375' title='bbox 1007 3794 1209 3863; x_wconf 81' lang='lat' dir='ltr'>sugewendeten</span> <span class='ocrx_word' id='word_1_376' title='bbox 1227 3811 1285 3849; x_wconf 84' lang='lat' dir='ltr'>rom</span> <span class='ocrx_word' id='word_1_377' title='bbox 1303 3794 1389 3848; x_wconf 87' lang='lat' dir='ltr'>Haus-</span> 
     </span>
     <span class='ocr_line' id='line_1_37' title="bbox 161 3881 1386 3953; baseline -0.003 -13"><span class='ocrx_word' id='word_1_378' title='bbox 161 3885 253 3953; x_wconf 81' lang='lat' dir='ltr'>trsff“,</span> <span class='ocrx_word' id='word_1_379' title='bbox 277 3887 345 3942; x_wconf 82' lang='lat' dir='ltr'>nach</span> <span class='ocrx_word' id='word_1_380' title='bbox 368 3886 427 3940; x_wconf 88' lang='lat' dir='ltr'>dem</span> <span class='ocrx_word' id='word_1_381' title='bbox 446 3883 524 3941; x_wconf 87' lang='lat' dir='ltr'>Oebr.</span> <span class='ocrx_word' id='word_1_382' title='bbox 548 3885 595 3940; x_wconf 89' lang='lat' dir='ltr'>der</span> <span class='ocrx_word' id='word_1_383' title='bbox 617 3886 746 3940; x_wconf 86' lang='lat' dir='ltr'>silbernen</span> <span class='ocrx_word' id='word_1_384' title='bbox 801 3888 857 3952; x_wconf 86' lang='lat' dir='ltr'>rat,</span> <span class='ocrx_word' id='word_1_385' title='bbox 875 3885 987 3939; x_wconf 83' lang='lat' dir='ltr'>welcher</span> <span class='ocrx_word' id='word_1_386' title='bbox 1004 3884 1078 3938; x_wconf 91' lang='lat' dir='ltr'>nicht</span> <span class='ocrx_word' id='word_1_387' title='bbox 1096 3900 1147 3937; x_wconf 91' lang='lat' dir='ltr'>nur</span> <span class='ocrx_word' id='word_1_388' title='bbox 1165 3883 1223 3938; x_wconf 78' lang='lat' dir='ltr'>uem</span> <span class='ocrx_word' id='word_1_389' title='bbox 1242 3881 1386 3949; x_wconf 84' lang='lat' dir='ltr'>Gcbrauch,</span> 
     </span>
     <span class='ocr_line' id='line_1_38' title="bbox 159 3972 1270 4045; baseline -0.002 -17"><span class='ocrx_word' id='word_1_390' title='bbox 159 3973 299 4029; x_wconf 75' lang='lat' dir='ltr'>munitat.</span> <span class='ocrx_word' id='word_1_391' title='bbox 319 4004 353 4014; x_wconf 94' lang='lat'><em>-</em></span> <span class='ocrx_word' id='word_1_392' title='bbox 371 3974 505 4042; x_wconf 68' lang='lat' dir='ltr'>ememus]</span> <span class='ocrx_word' id='word_1_393' title='bbox 520 3973 658 4045; x_wconf 83' lang='lat' dir='ltr'>Episoden,</span> <span class='ocrx_word' id='word_1_394' title='bbox 674 3972 747 4041; x_wconf 82' lang='lat' dir='ltr'>„Ah-</span> <span class='ocrx_word' id='word_1_395' title='bbox 801 3974 914 4029; x_wconf 88' lang='lat' dir='ltr'>sondern</span> <span class='ocrx_word' id='word_1_396' title='bbox 932 3973 999 4028; x_wconf 86' lang='lat' dir='ltr'>euch</span> <span class='ocrx_word' id='word_1_397' title='bbox 1018 3990 1064 4027; x_wconf 83' lang='lat' dir='ltr'>sur</span> <span class='ocrx_word' id='word_1_398' title='bbox 1082 3972 1172 4027; x_wconf 84' lang='lat' dir='ltr'>Zierde</span> <span class='ocrx_word' id='word_1_399' title='bbox 1190 3973 1270 4026; x_wconf 79' lang='lat' dir='ltr'>hient.</span> 
     </span>
     <span class='ocr_line' id='line_1_39' title="bbox 160 4061 1385 4132; baseline -0.003 -15"><span class='ocrx_word' id='word_1_400' title='bbox 160 4063 385 4132; x_wconf 79' lang='lat' dir='ltr'>schweilungen“.</span> <span class='ocrx_word' id='word_1_401' title='bbox 427 4062 529 4116; x_wconf 80' lang='lat' dir='ltr'>Frhher</span> <span class='ocrx_word' id='word_1_402' title='bbox 556 4062 644 4116; x_wconf 86' lang='lat' dir='ltr'>wurde</span> <span class='ocrx_word' id='word_1_403' title='bbox 671 4063 747 4116; x_wconf 77' lang='lat' dir='ltr'>daffir</span> <span class='ocrx_word' id='word_1_404' title='bbox 840 4077 879 4117; x_wconf 80' lang='lat' dir='ltr'>rs.</span> <span class='ocrx_word' id='word_1_405' title='bbox 894 4061 1039 4132; x_wconf 66' lang='lat' dir='ltr'>appetitas]</span> <span class='ocrx_word' id='word_1_406' title='bbox 1054 4079 1075 4116; x_wconf 92' lang='lat' dir='ltr'>s.</span> <span class='ocrx_word' id='word_1_407' title='bbox 1091 4062 1133 4128; x_wconf 87' lang='grc'>18,</span> <span class='ocrx_word' id='word_1_408' title='bbox 1148 4063 1164 4117; x_wconf 89' lang='grc'>9</span> <span class='ocrx_word' id='word_1_409' title='bbox 1179 4061 1337 4132; x_wconf 88' lang='lat' dir='ltr'>„politior“.</span> <span class='ocrx_word' id='word_1_410' title='bbox 1352 4087 1385 4098; x_wconf 92' lang='lat'>-</span> 
     </span>
     <span class='ocr_line' id='line_1_40' title="bbox 159 4147 1385 4220; baseline -0.004 -14"><span class='ocrx_word' id='word_1_411' title='bbox 159 4151 235 4206; x_wconf 92' lang='lat' dir='ltr'>mehr</span> <span class='ocrx_word' id='word_1_412' title='bbox 256 4151 298 4206; x_wconf 89' lang='lat' dir='ltr'>die</span> <span class='ocrx_word' id='word_1_413' title='bbox 320 4152 381 4206; x_wconf 81' lang='lat' dir='ltr'>Bes.</span> <span class='ocrx_word' id='word_1_414' title='bbox 400 4153 516 4220; x_wconf 75' lang='lat' dir='ltr'>opressio</span> <span class='ocrx_word' id='word_1_415' title='bbox 534 4151 596 4205; x_wconf 86' lang='lat' dir='ltr'>oder</span> <span class='ocrx_word' id='word_1_416' title='bbox 614 4151 746 4220; x_wconf 62' lang='lat' dir='ltr'>curseio</span> <span class='ocrx_word' id='word_1_417' title='bbox 801 4151 907 4219; x_wconf 55' lang='lat' dir='ltr'>haus]</span> <span class='ocrx_word' id='word_1_418' title='bbox 938 4152 977 4206; x_wconf 82' lang='lat' dir='ltr'>lst</span> <span class='ocrx_word' id='word_1_419' title='bbox 1004 4150 1204 4218; x_wconf 74' lang='lat' dir='ltr'>„wohlhibig“,</span> <span class='ocrx_word' id='word_1_420' title='bbox 1232 4149 1299 4202; x_wconf 85' lang='lat' dir='ltr'>euch</span> <span class='ocrx_word' id='word_1_421' title='bbox 1325 4147 1385 4214; x_wconf 84' lang='lat' dir='ltr'>lein,</span> 
     </span>
     <span class='ocr_line' id='line_1_41' title="bbox 159 4235 1386 4310; baseline -0.004 -16"><span class='ocrx_word' id='word_1_422' title='bbox 159 4239 337 4310; x_wconf 78' lang='lat' dir='ltr'>sngewendet.</span> <span class='ocrx_word' id='word_1_423' title='bbox 366 4239 456 4306; x_wconf 88' lang='lat' dir='ltr'>Quint.</span> <span class='ocrx_word' id='word_1_424' title='bbox 470 4240 520 4308; x_wconf 90' lang='lat' dir='ltr'>III,</span> <span class='ocrx_word' id='word_1_425' title='bbox 533 4242 558 4306; x_wconf 89' lang='grc'>9,</span> <span class='ocrx_word' id='word_1_426' title='bbox 572 4241 598 4294; x_wconf 85' lang='grc'>4.</span> <span class='ocrx_word' id='word_1_427' title='bbox 616 4240 660 4307; x_wconf 81' lang='lat' dir='ltr'>IV,</span> <span class='ocrx_word' id='word_1_428' title='bbox 674 4241 701 4308; x_wconf 83' lang='lat'>3,</span> <span class='ocrx_word' id='word_1_429' title='bbox 714 4241 745 4296; x_wconf 83' lang='lat'>8:</span> <span class='ocrx_word' id='word_1_430' title='bbox 801 4240 929 4308; x_wconf 81' lang='lat' dir='ltr'>„elegant</span> <span class='ocrx_word' id='word_1_431' title='bbox 937 4241 967 4305; x_wconf 77' lang='lat'>“3</span> <span class='ocrx_word' id='word_1_432' title='bbox 995 4255 1048 4292; x_wconf 81' lang='lat' dir='ltr'>wer</span> <span class='ocrx_word' id='word_1_433' title='bbox 1071 4238 1127 4292; x_wconf 90' lang='lat' dir='ltr'>sich</span> <span class='ocrx_word' id='word_1_434' title='bbox 1150 4238 1201 4290; x_wconf 88' lang='lat' dir='ltr'>mit</span> <span class='ocrx_word' id='word_1_435' title='bbox 1226 4235 1386 4290; x_wconf 81' lang='lat' dir='ltr'>Geschmaclr</span> 
     </span>
     <span class='ocr_line' id='line_1_42' title="bbox 160 4324 1385 4397; baseline -0.005 -12"><span class='ocrx_word' id='word_1_436' title='bbox 160 4347 272 4397; x_wconf 81' lang='lat' dir='ltr'>„vorum</span> <span class='ocrx_word' id='word_1_437' title='bbox 299 4331 364 4385; x_wconf 85' lang='lat' dir='ltr'>hacc</span> <span class='ocrx_word' id='word_1_438' title='bbox 388 4330 505 4384; x_wconf 76' lang='lat' dir='ltr'>brentor</span> <span class='ocrx_word' id='word_1_439' title='bbox 531 4330 624 4384; x_wconf 84' lang='lat' dir='ltr'>emnia.</span> <span class='ocrx_word' id='word_1_440' title='bbox 664 4329 746 4383; x_wconf 85' lang='lat' dir='ltr'>Iudex</span> <span class='ocrx_word' id='word_1_441' title='bbox 800 4328 978 4382; x_wconf 77' lang='lat' dir='ltr'>etnzurichten</span> <span class='ocrx_word' id='word_1_442' title='bbox 987 4327 1106 4382; x_wconf 86' lang='lat' dir='ltr'>versteht</span> <span class='ocrx_word' id='word_1_443' title='bbox 1115 4324 1179 4393; x_wconf 84' lang='lat' dir='ltr'>(Cic.</span> <span class='ocrx_word' id='word_1_444' title='bbox 1189 4324 1264 4378; x_wconf 87' lang='lat' dir='ltr'>Verr.</span> <span class='ocrx_word' id='word_1_445' title='bbox 1273 4325 1295 4392; x_wconf 92' lang='lat'>1,</span> <span class='ocrx_word' id='word_1_446' title='bbox 1305 4325 1385 4390; x_wconf 89' lang='grc'><strong>6).-</strong></span> 
     </span>
    </p>
   </div>
   <div class='ocr_carea' id='block_1_6' title="bbox 0 0 1550 4878">
    <p class='ocr_par' dir='ltr' id='par_1_6' title="bbox 0 0 1550 4878">
     <span class='ocr_line' id='line_1_43' title="bbox 0 0 1550 4878; baseline 0 1"><span class='ocrx_word' id='word_1_447' title='bbox 0 0 1550 4878; x_wconf 95' lang='lat' dir='ltr'> </span> 
     </span>
    </p>
   </div>
  </div>
 </body>
</html>
