3092 4878
542 376 662 445 dialogus
681 376 887 442 decretoribus
923 395 945 434 o.
964 379 1008 433 21.
1352 377 1390 440 59

157 535 314 612 effecerit,
344 555 442 619 quam
472 537 615 601 divinum
646 537 714 602 eius
743 538 908 621 ingenium
934 540 1134 623 postulabat,
1164 543 1233 605 tam
1259 540 1389 606 hercule

157 661 258 724 quam
281 643 421 708 Brutum
443 643 661 727 philosophiae
684 662 761 710 suae
777 645 1014 728 relinquamus;
1037 665 1114 711 uam
1135 646 1169 710 iu
1192 647 1388 713 orationihus

158 750 315 814 minorem
338 768 407 815 esse
431 749 517 815 fama
541 769 600 815 sua
616 751 715 816 etiam
730 751 938 817 admiratores
954 753 1023 817 eius
1038 751 1199 818 fatentur:
1222 753 1285 817 nisi
1307 752 1388 818 forte

157 856 331 939 quisquam
355 859 412 921 aut
428 856 573 923 Caesaris
596 876 653 941 pro
676 857 773 923 Decio
797 857 941 924 Samnite
965 861 1022 923 aut
1043 859 1140 923 Bruti
1162 878 1219 943 pro
1239 859 1389 925 Deiotaro

159 981 234 1045 rege
258 965 443 1045 ceterosque
466 963 609 1028 eiusdem
632 964 833 1028 lentitudinis
863 983 900 1029 ao
930 965 1049 1047 teporis
1080 966 1177 1030 libros
1206 965 1298 1049 legit,
1326 966 1432 1032 nisiae

158 1067 215 1150 qui
238 1071 272 1133 et
294 1070 436 1134 carmina
460 1068 632 1134 eorundem
655 1070 801 1134 miratur.
845 1070 1004 1135 Fecerunt
1027 1071 1112 1136 enim
1135 1074 1168 1136 et
1191 1073 1333 1137 carmina
1356 1075 1389 1138 et

158 1174 193 1238 in
217 1174 433 1258 bybhotheoas
456 1176 667 1254 rettulerunt,
689 1195 754 1241 non
775 1177 891 1241 mehus
915 1195 1013 1258 quam
1037 1176 1155 1256 Cicero,
1178 1178 1232 1243 sed
1256 1178 1389 1257 fehoius,

158 1281 236 1363 quia
264 1281 336 1346 illos
366 1280 477 1347 fecisse
505 1282 669 1365 pauciores
698 1283 814 1348 sciunt.
858 1283 988 1348 Asinius
1018 1302 1162 1366 quoque,
1192 1304 1389 1368 quamquam

157 1387 357 1471 propioribus
381 1390 576 1473 temporibus
598 1392 696 1454 natus
720 1390 777 1467 sit,
807 1389 933 1454 videtur
959 1389 1039 1454 mihi
1061 1390 1146 1456 inter
1168 1391 1332 1457 Menenios
1356 1394 1390 1457 et

158 1495 277 1578 Appios
308 1495 486 1571 studuisse3
516 1495 692 1561 Pacuvium
721 1497 806 1561 certe
834 1497 868 1561 et
889 1497 1022 1561 Accium
1049 1517 1114 1562 uon
1138 1499 1243 1564 solum
1265 1500 1433 1582 tragos-eo

157 1601 221 1665 diis
251 1601 429 1667 sedetiam
460 1603 654 1668 orationibus
683 1604 750 1668 suis
780 1603 953 1686 expressit:
984 1602 1062 1667 adeo
1092 1603 1192 1668 durus
1223 1607 1256 1669 et
1286 1605 1388 1670 siccus

53 1769 55 1776 .
159 1710 218 1772 est.
265 1707 374 1774 Oratio
398 1712 516 1780 autem.
540 1711 623 1775 siout
646 1729 760 1794 eorpus
783 1709 934 1789 hominis,
958 1729 996 1775 ea
1019 1710 1150 1776 demum
1172 1711 1307 1794 pulchra
1330 1714 1389 1789 est,

157 1909 224 1972 ruge
237 1903 319 1970 nicht,
334 1903 382 1957 wie
396 1903 444 1957 wir
456 1920 505 1958 aus
517 1902 606 1959 Cicero
619 1904 747 1970 erlahren‚
801 1921 862 1960 uum
887 1905 1060 1976 pepercisset,
1085 1921 1153 1976 quae
1178 1922 1230 1960 uon
1254 1905 1390 1960 desierunt

157 1992 237 2046 Brut
252 1993 319 2047 253:
339 1993 405 2062 „qui
419 1991 470 2060 (C.)
484 1993 564 2047 etiam
578 1993 606 2047 in
620 1992 748 2047 maxumis
802 2009 907 2063 carpere
924 1993 1055 2062 maligui“
1074 1995 1125 2047 eta

158 2081 373 2152 occupationibus
383 2081 418 2135 ad
427 2081 550 2152 teipsum
605 2081 637 2136 de
647 2083 748 2137 ratione
837 2081 957 2138 minias
971 2080 1072 2149 Pollio]
1090 2082 1137 2149 (12
1152 2095 1176 2136 a.
1190 2082 1232 2148 Ε.)
1249 2081 1346 2151 gehbrt
1358 2099 1390 2136 ru

159 2170 242 2224 latine
266 2169 390 2240 loquendi
415 2171 612 2225 accuratissime
640 2171 748 2242 scripse-
801 2170 1390 2237 den„Altsrtlmleru“‚vonwelchenSeueca

159 2258 228 2313 rit“.
249 2287 282 2297 -
301 2249 373 2312 Uber
390 2259 501 2314 Brutus
518 2276 540 2314 s.
559 2277 591 2314 ru
612 2261 652 2326 ll,
667 2260 693 2315 4.
712 2290 747 2300 -
801 2263 875 2327 aagt:
890 2257 1390 2327 „GracchusillisetCrassusetCurio

161 2345 211 2403 On.
229 2347 335 2403 Decius
352 2347 474 2418 Samnis]
495 2348 531 2404 Es
549 2348 673 2404 haudelte
692 2349 747 2404 sich
801 2347 879 2402 nimis
893 2348 959 2402 culti
973 2350 1002 2402 et
1015 2351 1132 2402 recentes
1146 2351 1217 2415 sunt,
1231 2347 1265 2402 ed
1275 2347 1390 2418 Appium

4 2475 46 2506 .,Ι
160 2436 229 2490 wohl
253 2453 298 2490 um
321 2435 363 2490 die
380 2437 610 2506 Rehabilitieruug
634 2438 680 2492 des
699 2455 748 2493 von
802 2453 885 2507 usque
903 2439 932 2490 et
949 2435 983 2490 ud
1001 2435 1192 2492 Coruncanium
1210 2437 1321 2490 redeunt
1329 2437 1353 2491 “.

160 2524 235 2579 Sulla
256 2525 413 2594 geaehteteu
432 2526 535 2581 Decius.
572 2527 625 2582 cie.
644 2526 747 2583 cluent
839 2537 881 2581 ab.
906 2525 1028 2593 audac]
1053 2525 1160 2580 absolut
1185 2525 1231 2579 wie
1253 2527 1301 2592 32,
1321 2525 1338 2580 8
1363 2542 1390 2580 u.

162 2615 221 2669 161.
246 2643 280 2654 -
303 2614 405 2668 Brutus
423 2615 512 2669 sedete
534 2631 588 2685 pro
612 2615 749 2671 Deiotaro
801 2614 850 2682 34,
869 2614 901 2669 8:
926 2614 977 2681 „in
1000 2613 1087 2668 media
1111 2614 1168 2668 luce
1187 2613 1389 2668 studentibus“.

160 2719 207 2758 ror
224 2701 306 2758 C'e'sar
323 2720 356 2757 au
374 2703 464 2770 Nicia,
483 2704 518 2759 46
537 2721 560 2758 v.
579 2703 641 2759 Chr.
802 2702 901 2771 Hhufig
919 2703 961 2757 bei
980 2701 1135 2769 Quintilian.

199 2803 240 2846 aa.
260 2792 350 2860 tepor]
375 2793 481 2861 cigentl.
500 2793 624 2857 Lauheit,
643 2793 749 2862 Mangel
839 2791 991 2861 saporatis
1070 2789 1214 2860 aproemt]
1239 2790 1319 2845 Sinn:
1337 2791 1391 2845 Des

159 2880 315 2935 anWa'rme.
334 2879 579 2952 Dashdj.tepidua
587 2883 750 2936 umschreibt
802 2880 948 2934 aw01ue
971 2881 1060 2949 aeigen
1082 2880 1110 2934 in
1133 2879 1206 2934 ihrer
1222 2880 1337 2950 Sprache
1354 2880 1391 2934 im

160 2968 214 3024 Cic.
233 2969 310 3024 Brut.
331 2971 382 3026 178
408 2971 459 3024 mit
484 2971 583 3038 „nimis
606 2971 696 3026 lentus
721 2971 749 3025 in
802 2985 900 3038 genuen
919 2969 962 3022 ein
980 2972 1102 3038 getreuee
1115 2967 1214 3023 Abbild
1232 2968 1279 3023 der
1296 2967 1390 3037 Tregd-

161 3058 270 3113 diceudo
288 3062 316 3112 et
333 3060 619 3129 paenefrigidus“.
640 3089 674 3099 -
692 3060 749 3115 aiei
802 3057 863 3111 dien
881 3057 928 3111 des
945 3057 1005 3112 Pac.
1025 3075 1050 3111 u.
1069 3056 1173 3112 Accius.
1198 3087 1233 3096 -
1256 3047 1329 3111 iiber
1345 3073 1391 3112 ccr-

160 3146 223 3217 qus]
250 3165 278 3201 es
305 3147 402 3202 milleto
430 3147 499 3203 deun
526 3152 594 3203 etwa
618 3149 674 3202 sein
700 3147 750 3204 Ge
798 3146 920 3215 primore
938 3163 960 3201 s.
979 3163 1011 3200 zu
1029 3146 1135 3213 20‚11.

162 3235 283 3290 schmach
301 3237 365 3291 oder
377 3237 419 3291 die
433 3237 522 3292 blinds
535 3236 691 3306 Verehruug
707 3237 750 3291 fdr
839 3235 940 3302 deeras]
960 3234 1112 3305 ‚,holperig‚
1131 3233 1320 3298 uubehollen“‚
1343 3233 1391 3288 wie

162 3323 204 3378 die
222 3325 430 3380 Persbnlichlreit
453 3325 571 3395 deramig
595 3326 664 3392 sein,
690 3325 749 3381 dass
803 3339 897 3392 asper,
921 3323 985 3377 wird
1008 3323 1058 3377 viel
1080 3323 1116 3376 im
1136 3320 1246 3390 (legens.
1266 3338 1298 3375 au
1317 3321 1391 3391 poli·

161 3431 191 3468 er
209 3413 294 3468 selbst
311 3414 369 3468 ihre
387 3413 516 3470 Gedichte
533 3415 695 3469 bewuudert.
714 3443 748 3454 —
803 3417 856 3481 tue,
871 3413 992 3481 limatae,
1006 3417 1094 3467 terem
1107 3415 1157 3465 eto.
1172 3410 1325 3479 gebraucht
1355 3409 1391 3464 Es

162 3502 301 3571 Augustus
314 3519 368 3558 war
381 3503 582 3558 rfichsichtsvoll
595 3521 690 3573 genug‚
707 3502 750 3558 die
802 3502 858 3555 beu.
877 3501 919 3556 die
943 3499 1207 3568 Duratellungsweise
1232 3498 1391 3567 desjenigen,

162 3590 339 3660 Verbreituug
368 3592 443 3661 jener
469 3593 661 3648 dichterischeu
687 3592 750 3647 Ver·
804 3590 927 3644 welchem
945 3590 1020 3659 Auge
1038 3589 1094 3643 uud
1112 3587 1168 3644 Ohr
1186 3588 1228 3641 sdr
1240 3587 1319 3641 Wahl
1338 3586 1392 3640 und

163 3680 242 3734 suche
265 3681 350 3736 seinos
372 3680 512 3736 hhnherm
531 3681 670 3752 (Tragildie
688 3671 749 3736 Odi·
803 3678 927 3746 Btelluug
936 3678 983 3731 der
993 3677 1091 3742 Worte‚
1105 3676 1217 3744 sogung
1225 3675 1281 3729 und
1289 3675 1392 3744 Rhyth·

162 3786 213 3840 pus
230 3787 256 3823 u.
275 3770 302 3835 a)
320 3787 352 3824 au
371 3771 512 3826 verbieten.
804 3784 863 3821 mus
877 3766 923 3820 des
936 3765 1034 3833 Setaea,
1049 3765 1091 3819 fiir
1101 3764 1300 3833 Abweohslung‚
1314 3764 1391 3818 hura:

198 3857 284 3913 Unter
302 3859 351 3913 den
370 3859 553 3930 bybliothecae
571 3859 631 3914 sind
648 3859 751 3917 Privat·
803 3857 846 3911 ihr
863 3855 915 3909 deu
928 3855 1012 3921 Stil,
1031 3854 1137 3923 ahgeht
1157 3882 1190 3891 -
1208 3853 1309 3922 macra]
1327 3852 1393 3906 wind

163 3947 345 4016 sammluugen
372 3965 403 4002 nu
431 3948 584 4014 verstehen3
612 3949 681 4002 deun
709 3947 750 4002 die
804 3948 861 4000 eret
884 3944 969 3998 durch
993 3942 1150 4011 Ausartuug
1176 3943 1248 3996 einer
1275 3959 1309 3996 an
1336 3942 1393 3995 sich

163 4039 234 4090 arete
256 4037 405 4092 bffentllche
423 4038 573 4092 Bibliothelr
595 4037 683 4092 wurde
700 4054 750 4092 von
804 4038 887 4104 guten
905 4031 1076 4102 Bigenschalt
1094 4035 1141 4100 (-
1159 4037 1254 4102 optus,
1269 4031 1393 4100 masam)

163 4125 271 4180 Asinius
284 4126 368 4180 Pollio
377 4127 412 4182 38
422 4145 446 4181 v.
456 4126 517 4183 Chr.
527 4127 751 4196 singeriohtet.-
805 4140 864 4178 uum
888 4121 983 4177 Fehler
1008 4121 1062 4176 und
1087 4121 1137 4175 mit
1160 4121 1286 4188 idemus,
1314 4119 1393 4174 callia

162 4205 235 4270 Uber
252 4215 383 4271 Ciceros
402 4215 578 4284 Dichtuugen‚
597 4216 644 4270 aul
655 4215 751 4270 welche
804 4211 1046 4281 gleichbedeuteud.
1073 4209 1290 4267 ciessruteoc:
1305 4207 1392 4275 „nihil

165 4306 250 4360 dieser
272 4305 346 4360 nicht
369 4306 453 4374 wenig
476 4306 542 4360 stola
566 4321 633 4369 wer,
659 4303 752 4358 urtailt
805 4301 856 4356 nisi
880 4301 976 4355 siecum
998 4303 1079 4370 atque
1104 4300 1226 4352 sanum“.
1268 4297 1393 4366 Dugegeu

165 4394 256 4462 Quint.
270 4395 316 4461 XI,
336 4396 361 4463 1,
380 4396 430 4450 24:
450 4395 504 4463 „In
523 4394 682 4449 carminibus
700 4393 752 4447 uti-
804 4391 881 4446 Brut
901 4388 966 4444 285:
990 4388 1177 4456 „ieiunitatem
1197 4390 1226 4442 et
1248 4386 1394 4440 siccitatem
