3098 4862
529 279 649 348 dialogus
667 279 700 333 de
718 279 874 334 oratoribus.
911 295 932 333 c.
951 280 977 334 9.
1328 277 1363 338 dl

133 445 202 520 tur,
231 444 271 506 ut
293 442 358 506 sint
382 441 438 524 qui
461 439 633 522 dignentur
656 439 778 517 audire,
808 441 841 504 et
869 458 909 504 ne
932 439 965 504 id
989 439 1118 522 quidem
1141 440 1257 522 gratis3
1287 459 1366 508 nam

134 552 168 614 et
191 549 322 614 domum
344 550 515 613 mutuatur
538 549 571 611 et
594 546 789 612 auditorium
816 545 952 611 exstruit
979 548 1013 611 et
1041 547 1193 612 subsellia
1216 547 1368 614 conducit

135 659 169 720 et
190 655 313 720 libellos
337 654 502 737 dispergit.
539 653 582 716 Et
605 654 643 716 nt
665 652 870 718 beatissimus
894 652 1115 718 recitationem
1138 654 1207 718 eius
1230 656 1363 720 eventus

133 765 361 845 prosequatur,
386 761 489 825 omnis
511 760 569 824 illa
590 760 662 823 laus
684 759 772 824 intra
793 778 895 824 unum
918 760 975 824 aut
998 759 1136 824 alterum
1159 760 1252 839 diem,
1274 763 1364 828 velut

133 869 168 932 in
189 869 290 934 herba
313 869 364 933 vel
386 867 463 932 flore
486 868 671 950 praecepta,
702 866 744 930 ad
773 866 898 930 nullam
925 867 1046 932 certam
1074 868 1107 931 et
1135 867 1270 933 solidam
1292 888 1412 952 per-ro

133 975 222 1040 venit
244 975 386 1056 frugem,
416 993 475 1040 nec
507 975 564 1038 unt
593 972 767 1038 amicitiam
794 972 867 1037 inde
896 971 994 1037 refert
1016 975 1074 1038 aut
1097 974 1278 1040 clientelam
1306 978 1365 1042 aut

133 1100 324 1146 mansurum
346 1082 380 1145 in
403 1081 510 1145 animo
534 1080 724 1161 cuiusquam
746 1079 948 1156 heneficium,
972 1080 1027 1144 sed
1051 1080 1222 1146 clamorem
1245 1101 1363 1164 vagum

134 1190 167 1253 et
190 1206 283 1252 voces
306 1187 417 1252 inanes
434 1189 468 1252 et
483 1187 636 1269 gaudium
651 1186 788 1250 volucre.
825 1184 1041 1252 Laudavimus
1063 1205 1165 1270 nuper
1188 1189 1225 1252 ut
1247 1189 1364 1254 miram

134 1297 167 1358 et
203 1294 352 1359 eximiam
386 1293 578 1377 Vespasiani
613 1293 853 1370 liberalitatem,
889 1292 972 1373 quod
1007 1293 1183 1375 quingenta
1215 1297 1364 1362 sestertia

133 1401 236 1466 Basso
260 1401 420 1466 donasset.
457 1400 635 1465 Pulchrum
657 1399 689 1464 id
713 1398 851 1481 quidem,
873 1398 901 1463 si
924 1399 970 1462 ita
992 1419 1043 1464 res
1059 1399 1225 1466 familiaris
1249 1401 1410 1484 exigatis

134 1507 370 1590 indulgentiam
398 1507 550 1590 principis
579 1507 706 1588 ingenio
737 1506 869 1572 mereri:
903 1508 1022 1588 quanto
1051 1508 1160 1572 tamen
1189 1508 1363 1591 pulchrius,

135 1633 169 1680 se
192 1615 298 1697 ipsum
322 1615 437 1692 colere,
466 1633 562 1679 suum
586 1615 715 1696 genium
738 1613 925 1696 propitiare,
954 1631 1047 1678 suem
1070 1613 1204 1696 experiri
1226 1614 1365 1680 liberali-

137 1811 266 1878 „invenes
284 1813 312 1864 et
329 1810 357 1862 in
374 1809 438 1879 ipsa,
450 1811 483 1863 st.
502 1807 595 1862 incude
613 1807 723 1879 positi“,
778 1807 869 1860 darum
888 1806 950 1860 hald
967 1807 1008 1874 ah,
1027 1807 1122 1862 ebenso
1139 1807 1188 1862 wie
1203 1809 1261 1862 eine
1274 1809 1302 1864 in
1317 1809 1364 1864 dor

137 1900 225 1953 feruor
242 1897 381 1966 incudere,
400 1898 528 1952 seeum
542 1897 666 1964 tundere,
680 1897 723 1950 in·
776 1895 856 1950 Bliits
869 1898 1004 1964 geemtete
1013 1896 1116 1950 Pflanue
1129 1897 1186 1951 ihre
1195 1896 1366 1968 Aushildung

137 1986 344 2054 antecedere,
363 1987 477 2053 cacwre,
496 1986 556 2040 sind
569 1985 668 2040 bereits
682 1985 724 2039 bei
777 1985 852 2038 nicht
869 1985 982 2039 erreieht
1000 1986 1054 2039 und
1076 1985 1151 2040 licina
1168 1985 1270 2041 chht
1292 1987 1364 2041 brin-

136 2075 225 2131 Cioero
243 2076 298 2131 und
315 2075 366 2129 den
380 2075 580 2144 augusteischen
595 2074 723 2128 Dichtenn
776 2090 827 2143 gen
841 2074 919 2128 kann.
934 2104 968 2112 —
982 2073 1032 2128 Die
1044 2075 1238 2144 naturgemtlsa
1247 2076 1367 2144 gesunde

136 2165 198 2220 sehr
210 2165 317 2219 belieht.
331 2193 366 2203 —
380 2165 417 2218 Zn
427 2164 600 2218 elucubravit
608 2163 660 2232 vgl.
671 2162 722 2218 Cio.
776 2161 975 2231 Entwiclreluug
988 2163 1034 2217 des
1041 2163 1167 2231 Ruhmes,
1181 2165 1217 2218 im
1232 2165 1364 2220 Zeitraum

135 2255 213 2308 Brut.
231 2256 299 2309 312:
323 2253 497 2321 „(orationes)
515 2252 656 2321 diligenter
673 2252 723 2306 ela·
776 2252 847 2306 eines
865 2253 1110 2319 Menschenlebens,
1129 2253 1257 2307 sehildert
1274 2252 1367 2309 Cicero

136 2343 243 2397 boratas
261 2345 290 2395 et
307 2345 442 2412 tamquam
455 2341 623 2396 elucubratas
637 2341 724 2394 affere·
777 2357 820 2405 eo,
838 2341 914 2396 Tuse.
933 2341 976 2408 11,
995 2342 1025 2409 2,
1045 2341 1076 2396 5:
1102 2345 1205 2412 „atque
1230 2345 1366 2398 oratorum

136 2430 259 2484 bamus“.
287 2460 321 2469 -
348 2447 448 2499 rogare
475 2432 550 2484 ultro
577 2429 639 2498 etc]
669 2429 724 2483 Der
776 2429 881 2500 quidem
899 2430 958 2484 lans
976 2430 1016 2483 ita
1033 2430 1113 2484 ducta
1130 2431 1164 2483 ab
1183 2430 1277 2485 humili
1290 2432 1365 2486 venit

136 2519 247 2574 Dichter
269 2519 340 2573 mule
364 2518 431 2573 noch
456 2518 597 2573 obendrein
621 2519 723 2572 nmher·
776 2518 971 2585 adsumam,
990 2524 1021 2572 ut
1038 2517 1091 2572 iam
1109 2519 1179 2588 qnod
1197 2522 1293 2574 natura
1311 2520 1367 2574 fert

30 2637 33 2642 -
136 2607 220 2677 gehen
243 2609 298 2662 und
320 2625 365 2662 um
383 2608 426 2662 die
444 2607 513 2662 Ehre
538 2608 639 2674 hitten,
665 2605 723 2661 dale
776 2607 804 2662 in
818 2608 937 2661 omnibus
950 2608 1004 2661 lere
1017 2608 1103 2674 rebus,
1118 2611 1363 2664 senescat‘·etc.-

135 2714 197 2752 man
223 2697 270 2752 ihn
297 2697 446 2752 anurhdren
476 2697 589 2765 geruhe,
619 2698 724 2750 austatt
777 2697 841 2750 Zum
854 2696 949 2752 Ausdr.
969 2714 990 2752 s.
1005 2695 1077 2752 Hist.
1092 2698 1124 2767 V,
1140 2699 1169 2753 i:
1189 2699 1264 2766 „sive
1282 2698 1364 2754 herba

135 2786 194 2842 dals
211 2803 241 2841 er
258 2787 422 2841 materiellen
435 2786 538 2840 Vorteil
551 2786 634 2840 dauon
647 2785 723 2840 h'atte
777 2789 855 2840 tenus
872 2789 921 2841 aut
936 2787 1000 2841 flore
1018 2804 1064 2841 seu
1082 2787 1193 2842 solidam
1210 2787 1364 2858 inspeciem

135 2876 190 2930 und
217 2876 369 2930 seineraeits
393 2877 543 2930 umworben
568 2875 662 2929 wlirda.
688 2904 721 2914 -
776 2875 939 2931 adolevere“.
954 2906 987 2917 -
1001 2876 1176 2944 mansuram]
1191 2877 1367 2944 „bleibend“,

136 2964 724 3034 metum]„einrichtenlassen“,worunter
776 2965 834 3018 dem
852 2965 940 3019 Dauer
957 2963 1112 3020 heschieden
1130 2966 1175 3020 ist:
1203 2965 1237 3020 So
1254 2965 1326 3019 Hist
1340 2964 1363 3032 1,

136 3053 296 3108 namentlieh
327 3053 376 3107 dae
404 3052 534 3122 Folgende
566 3053 723 3108 vemtanden
777 3053 825 3108 78:
845 3053 983 3121 „ostentui
1001 3055 1086 3122 magis
1104 3070 1182 3124 quam
1200 3054 1365 3120 mansura“;

135 3143 180 3198 ist
209 3173 244 3182 -
271 3143 321 3197 Die
347 3140 534 3210 Ausartungen
562 3141 647 3196 dieser
673 3159 723 3196 von
776 3140 816 3208 H,
834 3141 884 3196 49:
910 3141 1079 3212 „sepulcrum
1097 3142 1229 3196 modicum
1247 3145 1275 3196 et
1292 3157 1367 3196 man·

137 3231 244 3286 Asinius
267 3231 352 3285 Pollio
378 3230 559 3299 cingetiihrten
583 3230 725 3286 Vorlesun·
776 3230 897 3285 eurum“.
912 3259 946 3270 -·
961 3231 1059 3301 capus]
1074 3231 1303 3300 ,‚unbcstsndig“,
1317 3247 1368 3285 un·

135 3338 188 3389 gen
211 3320 315 3374 werden
338 3337 389 3375 von
405 3319 494 3374 Horae
516 3323 550 3385 (a.
569 3337 595 3390 p.
613 3319 723 3387 stiffi),
776 3318 962 3386 hsraehenhar3
981 3337 1108 3388 synonym
1122 3320 1173 3374 mit
1185 3320 1301 3387 volucer,
1319 3319 1367 3373 ia·

135 3409 247 3462 Juvenal
260 3425 286 3463 n.
298 3425 323 3462 a.
337 3411 491 3478 verspottct.
506 3437 541 3447 -
555 3407 651 3477 libelli]
666 3407 724 3462 hier
776 3407 892 3475 mooe,
909 3407 1033 3464 imaeue
1049 3409 1092 3464 bei
1110 3408 1207 3464 Cicero.

136 3498 179 3552 die
196 3497 375 3552 schriftlicheu
393 3488 584 3566 Einladungen.
814 3507 856 3552 at.
873 3497 982 3567 persius]
1004 3497 1059 3551 Der
1077 3497 1235 3552 schtituende
1253 3497 1364 3552 hebens·

173 3599 215 3642 to.
233 3587 308 3642 uelut
326 3587 358 3640 ia
375 3587 460 3642 herba
475 3586 541 3656 etc]
559 3586 723 3656 „gleichsam
775 3587 846 3656 geist
866 3586 912 3640 dee
926 3585 1076 3641 Menschen.
1102 3585 1261 3642 Censorinus
1275 3586 1308 3640 de
1321 3585 1367 3640 die

135 3676 172 3730 im
198 3681 299 3746 griineu
326 3675 406 3730 Halm
434 3674 496 3729 oder
522 3675 550 3730 in
574 3676 621 3730 der
643 3675 723 3730 Blilts
776 3679 832 3731 nat
853 3677 927 3744 a,1:
953 3675 1067 3744 „genius
1085 3678 1128 3729 est
1145 3675 1224 3742 dens,
1243 3675 1317 3728 ouius
1335 3674 1365 3729 in

136 3765 217 3820 sehon
240 3765 399 3833 geerntet“;
423 3764 481 3818 eine
505 3766 643 3819 verkiircte
661 3764 724 3818 Ver·
777 3765 864 3818 tutela
881 3767 913 3818 ut
931 3764 1041 3834 quisque
1055 3767 1135 3818 natus
1149 3766 1199 3831 est,
1218 3763 1313 3818 vivit“.
1328 3789 1364 3802 -

134 3854 290 3922 gleichnng,
308 3853 351 3908 bei
369 3853 479 3908 walcher
497 3852 544 3908 der
561 3853 661 3922 Begrili
677 3854 724 3908 des
775 3854 888 3924 pontem
901 3853 1069 3922 propitiare]
1088 3852 1171 3908 heiist
1189 3853 1296 3922 cigenti.
1314 3852 1364 3906 sei·

133 3942 354 3998 Hinschwindens
364 3942 421 4010 (der
429 3942 543 4009 Phaone)
551 3943 580 3998 in
590 3943 640 3998 den
649 3943 724 3998 Wor·
777 3959 836 3996 nem
846 3941 944 3997 Genius
957 3941 1091 4010 huldigen,
1105 3941 1161 3996 sich
1174 3940 1277 4010 girthch
1286 3940 1366 4008 thun,

134 4035 182 4087 ten
199 4032 240 4087 ad
256 4033 365 4088 milam
379 4031 542 4100 ...frugem
559 4031 610 4086 mit
622 4032 724 4088 enthal·
776 4031 825 4086 wie
842 4047 870 4086 es
889 4047 910 4085 r.
924 4030 956 4084 B.
971 4029 1012 4084 die
1027 4029 1171 4084 Lsndlente
1186 4029 1254 4084 nach
1267 4028 1364 4083 vollen·

135 4125 182 4177 ten
199 4122 246 4176 ist
283 4121 360 4176 Sino:
384 4120 428 4174 all'
444 4121 519 4190 jener
535 4121 723 4176 Dichterruhm
777 4120 851 4176 deter
867 4119 1049 4174 Jahresarheit
1070 4118 1231 4174 namentlich
1255 4134 1289 4172 an
1313 4116 1364 4172 deu

133 4209 529 4279 wirdinhastigerUngeduld
542 4226 678 4279 genoeeen‚
694 4227 724 4266 er
777 4207 943 4264 Saturnalien
965 4207 1088 4278 pflegten.
1124 4207 1197 4275 Virg.
1222 4203 1316 4274 Georg.
1340 4205 1365 4274 I,

134 4301 207 4356 kann
226 4301 282 4356 sich
299 4301 375 4356 nicht
397 4299 541 4369 belestigen
564 4298 619 4354 und
641 4300 724 4354 stirht
777 4299 844 4365 302;
871 4296 937 4352 Hor.
955 4296 1042 4352 Germ.
1065 4295 1259 4363 111,17,14:
1282 4310 1368 4362 „crus
